2650 4059
453 226 538 291 14
1111 224 1166 281 C.
1208 224 1548 280 SALLUSTI
1585 224 1814 281 ORISPI

347 372 432 435 23
632 368 758 436 Sed
793 370 864 435 in
900 392 976 435 66
1013 369 1458 435 coniuratione
1493 369 1622 433 fuit
1660 368 1734 444 Q.
1764 367 2017 453 Curius,
2059 373 2259 434 natus
2302 368 2494 435 haud

456 460 733 525 obscuro
796 459 940 524 loco
957 509 974 542 ,
1039 457 1311 543 flagitiis
1382 461 1577 540 atque
1640 456 2039 522 facinoribus
2105 461 2491 541 coopertus,

385 563 416 610 2
457 569 649 631 quem
696 567 993 612 censores
1049 549 1279 610 senatu
1322 545 1548 629 probri
1603 544 1819 630 gratia
1873 549 2228 609 moverant.
2322 545 2490 610 huic

451 635 703 702 homini
737 656 870 699 non
905 634 1120 698 minor
1153 633 1410 698 vanitas
1447 633 1661 697 inerat
1697 654 1892 716 quam
1928 632 2224 697 audacia:
2259 654 2487 716 neque

455 724 724 788 reticere
772 743 936 805 quae
983 721 1294 805 audierat,
1340 741 1549 803 neque
1596 724 1851 786 suamet
1894 720 2036 803 ipse
2078 720 2330 785 6661616
2378 742 2487 786 oc-

457 812 700 877 cultare
711 860 728 893 ,
781 831 1049 893 prorsus
1092 830 1301 892 1161166
1348 809 1558 874 dicere
1600 830 1809 892 neque
1853 806 2067 872 facere
2122 808 2486 892 quicquam

386 915 417 962 3
453 898 639 984 pensi
691 897 996 962 habebat.
1087 900 1228 961 erat
1273 897 1334 961 ei
1389 918 1535 961 cum
1585 895 1847 979 Fulvia,
1909 896 2178 960 muliere
2241 896 2485 981 nobili,

456 986 667 1070 stupri
712 988 898 1050 vetus
946 985 1361 1050 consuetudo.
1418 985 1522 1049 cui
1568 1006 1714 1049 cum
1759 983 1973 1048 minus
2018 988 2248 1069 gratus
2276 988 2484 1069 esset,

457 1074 611 1157 quia
661 1073 884 1156 inopia
938 1073 1150 1137 minus
1216 1072 1446 1157 largiri
1498 1075 1785 1155 poterat,
1848 1076 2113 1172 repente
2177 1072 2481 1157 glorians

456 1160 663 1225 maria
705 1160 1075 1261 montisque
1120 1160 1417 1244 polliceri
1464 1160 1679 1244 coepit
1733 1164 1799 1224 et
1853 1159 2088 1224 minari
2140 1159 2482 1224 interdum

454 1249 646 1332 ferro,
689 1248 760 1312 ni
797 1249 924 1313 sibi
962 1247 1240 1314 obnoxia
1276 1248 1474 1331 foret,
1517 1251 1849 1331 postremo
1886 1246 2167 1312 ferocius
2215 1248 2478 1332 agitare

386 1352 421 1398 4
460 1359 655 1421 quam
702 1336 935 1402 solitus
982 1341 1140 1401 erat.
1233 1340 1305 1401 at
1349 1299 1581 1400 Fulvia
1631 1336 2017 1400 insolentiae
2063 1333 2219 1400 Curi
2275 1357 2481 1401 causa

457 1426 722 1510 cognita
782 1426 913 1490 tale
975 1425 1337 1509 periculum
1398 1423 1493 1487 rei
1544 1423 1842 1507 publicae
1904 1423 2079 1488 haud
2141 1424 2477 1488 occultum

453 1514 714 1596 habuit,
761 1513 874 1577 sed
919 1512 1179 1576 sublato
1216 1514 1480 1575 auctore
1526 1511 1603 1575 de
1650 1509 1968 1576 Catilinae
2025 1511 2478 1578 coniuratione

459 1622 620 1685 quae
668 1621 923 1683 11601166
967 1600 1161 1664 160110
1209 1598 1530 1683 audierat,
1576 1597 1992 1682 conpluffius
2035 1600 2346 1664 narravit.

387 1704 419 1752 5
588 1687 690 1752 Ea
726 1708 829 1751 res
874 1686 943 1750 in
970 1686 1199 1770 primis
1247 1686 1466 1751 studia
1496 1650 1836 1751 l'iominum
1874 1687 2166 1751 accendit
2202 1688 2285 1752 ad
2322 1709 2475 1753 con·

387 1793 419 1841 6
457 1774 745 1840 sulatum
781 1773 1217 1838 1666116611616
1241 1773 1330 1838 M.
1356 1774 1572 1840 Tullio
1601 1773 1915 1840 Ciceroni.
1958 1796 2237 1857 namque
2275 1780 2475 1840 antea

455 1867 765 1948 pleraque
817 1861 1128 1926 nobilitas
1173 1862 1418 1927 invidia
1462 1863 1831 1946 aestuabat,
1894 1866 1962 1927 et
2016 1862 2203 1945 quasi
2259 1864 2472 1947 pollui

457 1950 867 2016 consulatum
903 1950 1266 2036 credebant,
1313 1951 1371 2015 si
1410 1972 1557 2015 eum
1594 1950 1889 2034 quamvis
1927 1951 2230 2035 egregius
2266 1951 2471 2017 homo

453 2060 660 2103 novos
706 2038 978 2122 adeptus
1032 2038 1221 2103 foret.
1312 2039 1424 2103 sed
1468 2038 1582 2101 ubi
1626 2039 1986 2122 periculum
2032 2038 2318 2123 advenit,
2378 2040 2470 2104 in-

353 2128 439 2192 24
456 2126 630 2191 111116
675 2130 871 2210 atque
918 2126 1222 2210 superbia
1273 2130 1427 2210 post
1479 2126 1676 2191 fuere.
1766 2126 1986 2212 igitur,
2028 2126 2312 2190 comitiis
2355 2128 2472 2192 ha-

455 2214 614 2279 bitis
662 2215 957 2279 consules
1013 2214 1423 2280 declarantur
1466 2213 1555 2278 M.
1598 2214 1847 2278 Tullius
1894 2217 1961 2278 et
2007 2212 2076 2279 C.
2122 2214 2467 2281 Antonius.

459 2303 631 2387 quod
657 2302 906 2368 factum
939 2303 1153 2387 primo
1181 2302 1514 2387 popularis
1544 2302 2007 2367 coniurationis
2037 2308 2467 2368 concusserat.

386 2409 418 2456 2
453 2413 664 2475 neque
710 2396 931 2456 tamen
975 2389 1294 2456 Catilinae
1348 2390 1530 2454 furor
1574 2389 2012 2473 minuebatur,
2058 2391 2171 2454 sed
2215 2391 2284 2455 in
2330 2393 2468 2457 dies

456 2480 647 2564 plura
691 2480 974 2565 agitare:
1021 2500 1201 2543 arma
1253 2499 1371 2562 per
1415 2477 1678 2541 Italiam
1721 2477 1884 2542 locis
1930 2479 2315 2561 opportunis
2358 2502 2466 2563 pa-

457 2589 620 2650 rare,
663 2567 1005 2651 pecuniam
1052 2588 1170 2629 sua
1215 2568 1330 2628 aut
1376 2565 1730 2630 amicorum
1787 2565 1913 2628 fide
1959 2570 2288 2666 sumptam
2332 2591 2465 2632 mu-

457 2658 639 2718 tuam
662 2652 973 2718 Faesulas
1002 2653 1084 2717 ad
1102 2651 1419 2716 Manlium
1446 2654 1765 2736 quendam
1791 2656 2071 2736 portare,
2099 2654 2209 2736 qui
2236 2661 2465 2736 postea

389 2761 419 2807 3
457 2741 757 2841 princeps
810 2741 939 2804 fuit
991 2740 1148 2803 belli
1201 2739 1504 2804 faciundi.
1592 2762 1667 2805 ea
1711 2744 2102 2824 tempestate
2154 2751 2461 2827 plurumos

461 2828 768 2912 cuiusque
814 2827 1070 2913 generis
1115 2826 1411 2891 homines
1459 2828 1806 2893 adscivisse
1852 2828 1979 2893 sibi
2025 2828 2286 2913 dicitur,
2331 2854 2462 2896 mu-

457 2916 649 2981 lieres
712 2916 912 2981 etiam
976 2915 1254 2999 aliquot,
1318 2937 1482 2998 quae
1540 2917 1751 3000 primo
1815 2916 2101 3001 ingentis
2166 2925 2458 3002 sumptus

460 3008 688 3088 stupro
736 3003 1026 3086 corporis
1082 3003 1547 3087 toleraverant,
1599 3008 1751 3087 post
1803 3003 1917 3067 ubi
1974 3008 2153 3068 aetas
2207 3009 2457 3072 tantum

460 3093 652 3158 modo
717 3090 1016 3175 quaestui
1066 3112 1276 3174 neque
1340 3055 1631 3155 luxuriae
1693 3092 1962 3155 modum
2023 3091 2292 3177 fecerat,
2352 3117 2458 3161 aes

390 3196 423 3244 4
463 3181 745 3245 alienum
790 3179 1032 3264 grande
1078 3179 1531 3243 conflaverant.
1593 3200 1710 3262 per
1746 3200 1854 3243 eas
1901 3201 1971 3243 se
2009 3145 2292 3245 Catilina
2333 3204 2455 3249 cre-

460 3267 655 3332 debat
681 3288 872 3350 posse
902 3266 1169 3331 servitia
1194 3267 1445 3331 urbana
1471 3266 1841 3349 sollicitare,
1866 3267 2095 3331 urbem
2114 3268 2454 3358 incendere,

458 3354 632 3420 11106
679 3376 900 3418 6616111
944 3354 1047 3419 161
1093 3354 1441 3440 adiungere
1488 3354 1615 3419 sibi
1658 3356 1762 3420 vel
1807 3355 2191 3422 interficere.

351 3444 439 3507 25
593 3440 719 3507 Sed
762 3442 833 3505 in
877 3441 972 3506 eis
1018 3446 1160 3505 erat
1207 3441 1613 3527 Sempronia,
1669 3464 1834 3527 quae
1890 3443 2099 3507 multa
2144 3467 2330 3529 saepe
2369 3448 2451 3512 vi·

387 3545 420 3594 2
457 3529 600 3594 11116
637 3529 941 3594 audaciae
977 3528 1270 3595 facinora
1306 3531 1713 3595 conmiserat.
1775 3530 1937 3596 haec
1973 3532 2207 3596 1661161
2233 3554 2448 3616 genere
