2650 4059
424 245 550 310 128
1073 243 1131 300 C.
1170 243 1509 300 SALLUSTI
1546 241 1777 299 CRISPI

419 410 641 476 regem
682 411 891 474 neque
936 389 1003 454 di
1046 391 1315 473 penates
1364 388 1570 453 civem
1618 389 1974 472 patiuntur.
2062 408 2265 473 perge
2311 409 2440 473 qua

424 482 708 562 coeptas,
751 482 827 541 ut
874 499 1068 561 quam
1114 480 1515 540 maturrume
1559 477 1799 540 merita
1840 476 2146 540 invenias,
2489 543 2501 547 ,

320 580 384 631 1⁰1
555 565 695 631 Vos
732 569 966 649 autem,
1002 568 1222 649 patres
1261 565 1632 648 conscripti,
1679 586 1807 649 quo
1840 586 2045 648 usque
2074 565 2437 629 cunctando

420 676 561 722 rem
587 654 916 738 publicam
959 654 1244 717 intutam
1279 652 1620 736 patiemini
1667 657 1735 716 et
1761 652 1977 716 verbis
2015 674 2197 717 arma
2233 656 2439 736 temp-

422 742 699 807 tabitis?
761 742 1033 806 dilectus
1099 741 1444 805 advorsum
1506 761 1622 805 vos
1677 740 1916 825 habiti,
1969 740 2280 824 pecuniae
2325 764 2440 824 pu-

387 830 592 895 ,blice
647 833 714 894 et
766 829 1073 913 privatim
1138 832 1458 912 extortae,
1519 828 1843 912 praesidia
1903 829 2178 893 deducta
2239 832 2439 911 atque

421 918 734 1012 inposita,
798 939 877 981 ex
928 917 1216 981 lubidine
1263 918 1442 1001 leges
1487 915 1915 1001 imperantur,
1972 938 2120 982 cum
2172 917 2441 981 interim

422 1027 539 1072 vos
585 1001 839 1091 legatos
886 1008 953 1069 et
998 1005 1255 1070 decreta
1298 1004 1564 1088 paratis.
1629 1008 1873 1088 quanto
1911 1005 2273 1070 mehercule
2312 1005 2440 1069 avi-

424 1094 568 1159 dius
614 1115 839 1177 pacem
883 1093 1233 1177 petieritis,
1289 1096 1476 1157 tanto
1532 1093 1780 1158 bellum
1825 1093 2036 1158 acrius
2082 1093 2236 1177 erit,
2291 1115 2441 1157 cum

425 1181 767 1267 intelleget
823 1202 891 1245 se
946 1185 1127 1245 metu
1179 1181 1392 1267 magis
1449 1202 1643 1265 quam
1698 1202 1903 1264 aequo
1957 1185 2025 1245 et
2075 1182 2250 1246 bono
2305 1203 2443 1246 sus-

323 1285 388 1334 18
425 1273 770 1338 tentatum.
855 1291 1012 1333 -nam
1057 1269 1170 1352 qui
1223 1269 1451 1333 turbas
1507 1273 1576 1333 et
1620 1269 1880 1333 caedem
1935 1268 2172 1334 civium
2227 1265 2442 1333 odisse

427 1358 522 1422 ait
566 1362 634 1422 et
672 1358 778 1423 ob
794 1357 861 1422 id
898 1361 1150 1421 armato
1195 1355 1442 1440 Lepido
1488 1378 1606 1422 vos
1649 1357 1934 1422 inermos
1971 1357 2230 1441 retinet,
2277 1379 2442 1441 quae

426 1446 618 1511 victis
664 1446 1004 1511 toleranda
1050 1448 1228 1529 sunt,
1293 1467 1371 1509 ea
1416 1466 1564 1509 cum
1608 1444 1820 1509 facere
1873 1445 2171 1528 possitis,
2234 1446 2444 1529 patia-

426 1535 589 1599 mini
634 1534 855 1618 potius
904 1536 1140 1598 censet.
1231 1532 1328 1596 ita
1372 1532 1473 1596 illi
1519 1553 1559 1596 a
1600 1533 1788 1597 vobis
1832 1554 2078 1617 pacem,
2122 1533 2312 1598 vobis
2359 1534 2443 1599 ab

259 1629 268 1637 ’
327 1637 390 1686 19
427 1623 544 1686 1110
589 1622 836 1686 bellum
881 1621 1124 1685 suadet.
1194 1620 1357 1685 haec
1403 1620 1461 1684 si
1504 1620 1791 1704 placent,
1838 1622 1895 1685 si
1939 1624 2128 1686 tanta
2170 1622 2445 1705 torpedo

430 1710 681 1774 animos
729 1708 1073 1792 obpressit,
1117 1711 1194 1772 ut
1239 1708 1431 1772 obliti
1479 1709 1793 1773 scelerum
1839 1707 2099 1793 Cinnae,
2146 1709 2330 1774 cuius
2374 1710 2445 1774 in

428 1797 657 1862 urbem
693 1796 908 1861 reditu
944 1796 1137 1861 decus
1176 1795 1423 1861 ordinis
1457 1796 1651 1860 huius
1680 1796 1949 1879 interiit,
1982 1797 2189 1861 nihilo
2228 1797 2447 1863 minus

428 1907 545 1950 vos
594 1889 789 1969 atque
827 1884 1132 1970 coniuges
1180 1888 1247 1948 et
1287 1884 1532 1949 liberos
1568 1882 1813 1967 Lepido
1849 1885 2232 1968 permissuri
2278 1885 2449 1970 sitis,

433 1974 587 2057 quid
643 1994 805 2056 opus
859 1973 1161 2056 decretis,
1218 1972 1376 2056 quid
1429 1972 1670 2036 auxilio
1717 1970 1979 2037 Catuli?
2070 1973 2229 2056 quin
2269 1974 2332 2038 is
2379 1978 2447 2038 et

325 2077 396 2125 20
432 2061 545 2125 alii
581 2061 738 2125 boni
773 2082 911 2124 rem
945 2060 1274 2145 publicam
1310 2059 1558 2124 frustra
1594 2063 1839 2124 curant.
1902 2059 2096 2145 agite,
2140 2064 2217 2125 ut
2242 2061 2450 2147 lubet,

429 2152 657 2234 parate
692 2148 878 2213 vobis
911 2147 1187 2233 Cethegi
1222 2152 1419 2232 atque
1458 2148 1586 2212 alia
1621 2147 2029 2231 proditorum
2063 2149 2451 2234 patrocinia,

433 2238 545 2322 qui
590 2237 849 2321 rapinas
896 2240 964 2301 et
1008 2236 1303 2302 incendia
1361 2236 1726 2325 instaurare
1783 2235 2056 2319 cupiunt
2107 2240 2175 2301 et
2219 2259 2451 2302 rursus

432 2328 780 2391 advorsum
844 2325 998 2390 deos
1052 2324 1308 2409 penatis
1369 2345 1599 2388 manus
1659 2319 1928 2388 armare.
2018 2324 2121 2389 sin
2172 2323 2450 2389 libertas

433 2418 500 2479 et
562 2436 716 2479 vera
777 2413 988 2515 magis
1051 2414 1343 2514 placent,
1407 2412 1730 2477 decernite
1794 2412 1992 2497 digna
2049 2412 2316 2478 nomine
2382 2417 2452 2477 et
2506 2459 2515 2465 -
2583 2396 2588 2403 ⁵

329 2518 394 2566 21
432 2506 666 2588 augete
711 2501 1050 2587 ingenium
1082 2501 1239 2565 viris
1276 2499 1578 2565 fortibus.
1642 2501 1826 2588 adest
1862 2521 2067 2565 novos
2106 2491 2452 2586 exercitus,

434 2592 516 2654 ad
569 2591 694 2654 hoc
757 2589 1046 2654 coloniae
1108 2591 1402 2652 veterum
1464 2588 1775 2673 militum,
1836 2588 2149 2653 nobilitas
2215 2589 2454 2668 omnis,

357 2695 362 2699 ’
435 2679 626 2743 duces
693 2676 973 2759 optumi:
1035 2674 1298 2739 fortuna
1361 2675 1661 2741 meliores
1717 2676 2026 2760 sequitur.
2115 2677 2251 2741 iam
2311 2677 2452 2762 illa,

436 2786 598 2848 quae
647 2763 943 2828 socordia
984 2765 1215 2827 nostra
1258 2764 1554 2829 conlecta
1597 2767 1768 2848 sunt,
1813 2764 2197 2829 dilabentur.

330 2866 398 2915 22
497 2921 504 2926 ,
570 2850 711 2927 Qua
747 2863 827 2914 re‘
860 2850 958 2914 ita
1002 2872 1252 2935 censeo,
1298 2852 1606 2935 quoniam
1649 2853 1745 2916 M.
1762 2850 2045 2936 Lepidus
2089 2853 2454 2918 exercitum

433 2939 690 3023 privato
746 2938 1016 3003 consilio
1071 2944 1376 3022 paratum
1442 2962 1589 3005 cum
1644 2940 1966 3023 pessumis
2022 2943 2089 3004 et
2139 2937 2453 3006 hostibus

434 3027 530 3180 301
555 3026 854 3178 ptubliicae
839 3031 1110 3181 Αο0111ὸ1·1(1Ι
1136 3028 1328 3179 hai-ius
1360 3028 1603 3179 ordinis
1632 3028 2092 3191 auctoritate&
2118 3028 2228 3181 {du
2217 3029 2456 3094 urbem

476 3137 641 3198 uc1,
693 3137 806 3179 ui·
901 3138 962 3199 p.
1089 3138 1170 3180 au
1215 3139 1316 3181 1us
1371 3137 1658 3180 merrex
1711 3138 1860 3181 cum
1973 3165 1988 3179 .
2089 3138 2128 3180 a
2232 3139 2270 3181 o
2375 3140 2453 3182 ro

436 3204 697 3268 consule
752 3206 819 3267 et
865 3205 1122 3289 ceteris,
1186 3205 1422 3288 quibus
1476 3203 1823 3289 imperium
1875 3206 2003 3288 est,
2064 3204 2214 3269 urbi
2265 3140 2456 3288 prrae-

436 3290 601 3357 sidio
648 3291 782 3356 sint
828 3301 1218 3376 operamque
1262 3293 1436 3377 dent,
1477 3314 1559 3357 ne
1605 3292 1762 3376 quid
1806 3313 1912 3356 res
1955 3292 2218 3375 publica
2253 3293 2457 3357 detri-

435 3380 640 3443 menti
686 3378 943 3467 capiat?
