2650 4059
706 254 1000 309 BELLUM
1036 252 1548 310 IUGURTHINUM
1585 273 1629 310 0.
1662 264 1795 311 28-
1804 266 1865 312 31
2217 259 2303 324 63

281 419 435 461 cum
481 398 707 462 Bestia
753 402 820 462 et
868 397 1109 463 Scauro
1157 403 1407 464 secreta
1450 401 1780 486 transigit.
1845 402 1994 467 dein
2037 408 2301 487 postero

247 485 387 568 ⁴die
450 508 636 569 <DQ
698 509 824 569 pgr
870 491 1158 554 saturam
1222 490 1562 553 sententiis
1617 489 1956 572 exquisitis
2008 492 2082 558 111
2135 492 2303 556 (10(11-

283 573 534 637 tionem
595 574 926 657 accipitur.
1025 576 1163 660 sed,
1226 576 1328 640 uti
1389 599 1509 661 pro
1575 578 1845 642 consilio
1908 579 2299 663 imperatum
2337 596 2369 643 6

281 665 453 745 erat,
500 661 830 745 elephanti
876 663 1176 748 triginta,
1235 686 1433 748 pecus
1480 668 1674 748 atque
1721 666 1871 750 equi
1916 667 2107 731 multi
2153 690 2299 732 cum

278 771 483 833 parvo
522 750 779 834 argenti
805 752 1085 834 pondere
1116 753 1446 835 quaestori
1484 753 1846 819 traduntur.
1911 754 2297 838 Calpurnius
2337 772 2367 820 7

280 838 563 901 Romam
610 839 689 901 ad
728 840 1154 923 magistratus
1191 840 1514 925 rogandos
1551 842 1907 925 proficiscit
1988 892 2003 907 .
2060 843 2130 908 in
2165 843 2298 909 Nu-

280 926 483 989 midia
529 929 595 989 et
623 928 927 991 exercitu
968 932 1197 992 nostro
1240 951 1369 1012 pax
1416 929 1807 1014 agitabatur.

414 1013 776 1096 Postquam
813 1037 917 1080 res
952 1015 1024 1079 in
1050 1016 1277 1080 Africa
1322 1022 1542 1101 gestas
1591 1040 1847 1102 quoque
1883 1019 2074 1084 modo
2113 1023 2295 1084 actae
2317 1020 2404 1083 30

276 1102 514 1185 forent,
578 1102 756 1166 fama
808 1103 1191 1187 divolgavit‚
1256 1104 1503 1169 Romae
1557 1128 1675 1189 per
1721 1107 1931 1171 omnis
1994 1109 2173 1172 locos
2230 1111 2297 1172 et

278 1194 635 1256 conventus
664 1185 741 1255 (10
768 1190 959 1256 facto
974 1192 1257 1257 consulis
1285 1193 1543 1278 agitari.
1598 1194 1767 1277 apud
1794 1195 2051 1278 plebem
2079 1196 2296 1280 gravis

276 1279 540 1362 invidia,
584 1282 807 1362 patres
854 1279 1121 1344 solliciti
1157 1283 1360 1344 erant.
1423 1281 1856 1364 probarentne
1893 1287 2150 1346 tantum
2187 1284 2296 1347 fla-

277 1363 519 1451 gitium
554 1388 640 1430 an
673 1367 1005 1432 decretum
1041 1368 1324 1433 consulis
1362 1369 1834 1453 subvorterent,
1879 1392 2110 1470 parum
2152 1392 2294 1434 0011-

279 1455 530 1538 stabat;
574 1477 649 1519 ac
694 1477 993 1520 maxume
1040 1477 1151 1520 eos
1196 1456 1495 1539 potentia
1542 1454 1784 1538 Scauri,
1830 1458 2002 1540 quod
2047 1458 2104 1521 is
2152 1480 2294 1521 auc·
2331 1473 2363 1520 2

278 1547 387 1607 tor
432 1546 500 1606 et
545 1543 759 1607 socius
796 1543 1058 1608 Bestiae
1103 1543 1451 1629 ferebatur,
1496 1567 1537 1609 a
1579 1566 1731 1609 vero
1778 1545 2075 1628 bonoque
2121 1545 2294 1628 inpe-

278 1630 517 1694 diebat.
610 1635 680 1694 at
725 1629 794 1696 C.
839 1630 1213 1715 Memmius,
1258 1634 1441 1697 cuius
1487 1631 1565 1697 (10
1610 1632 1915 1697 libertate
1960 1634 2182 1718 ingeni
2228 1639 2294 1697 et
2331 1649 2363 1695 3

277 1718 427 1783 odio
472 1719 805 1802 potentiae
848 1720 1215 1784 nobilitatis
1263 1742 1460 1803 supra
1495 1720 1793 1805 diximus,
1837 1722 2009 1785 inter
2045 1722 2295 1785 dubita-

276 1807 527 1871 tionem
572 1811 638 1870 et
683 1828 899 1871 moras
938 1812 1200 1872 senatus
1241 1808 1651 1873 contionibus
1688 1809 2002 1893 populum
2043 1809 2124 1873 ad
2160 1810 2294 1874 vin-

278 1894 623 1959 dicandum
666 1895 937 1980 hortari,
981 1918 1259 1979 monere,
1303 1919 1384 1961 ne
1429 1918 1569 1960 rem
1595 1897 1942 1980 publicam,
1985 1920 2066 1961 ne
2103 1897 2294 1961 liber-

275 1986 490 2047 tatem
534 2004 719 2047 suam
763 1983 1147 2067 desererent,
1193 1985 1402 2050 multa
1447 1986 1726 2068 superba
1771 1989 1837 2049 et
1874 1984 2159 2050 crudelia
2202 1984 2293 2050 fa-

276 2071 504 2136 cinora
562 2071 931 2135 nobilitatis
997 2072 1359 2136 ostendere:
1421 2094 1688 2156 prorsus
1762 2073 2050 2137 intentus
2116 2073 2293 2138 omni

274 2159 473 2223 modo
520 2159 728 2241 plebis
775 2159 1062 2223 animum
1106 2160 1509 2224 incendebat.

415 2244 542 2310 Sed
587 2247 893 2329 quoniam
939 2269 1013 2310 ea
1057 2251 1446 2331 tempestate
1483 2248 1730 2312 Romae
1763 2248 2031 2312 Memmi
2075 2247 2291 2313 facun-
2328 2263 2361 2310 4
2418 2290 2424 2295 -

275 2335 388 2399 dia
434 2334 608 2398 clara
650 2335 1030 2418 pollensque
1074 2334 1242 2418 fuity
1273 2336 1495 2400 decere
1542 2336 1928 2400 existumavi
1972 2358 2169 2400 unam
2214 2359 2291 2400 ex

273 2428 418 2487 tam
464 2422 691 2486 multis
721 2423 1081 2487 orationem
1118 2424 1255 2487 eius
1292 2423 1708 2507 perscribere,
1745 2445 1819 2487 00
1855 2424 2291 2506 potissumum

275 2533 356 2575 ea
382 2510 612 2593 dicam,
642 2532 803 2593 quae
832 2511 901 2575 in
927 2511 1227 2575 contione
1245 2515 1399 2595 post
1417 2511 1698 2574 reditum
1724 2509 1984 2574 Bestiae
2021 2510 2289 2576 huiusce

275 2598 458 2663 modi
502 2599 717 2662 verbis
764 2598 1095 2663 disseruit:

309 2682 316 2687 ’
413 2684 648 2750 ‘Multa
698 2708 802 2750 me
857 2687 1282 2751 dehortantur
1336 2709 1378 2750 a
1420 2687 1606 2751 vobis
1615 2738 1633 2771 ,
1686 2686 1999 2772 Quirites,
2042 2686 2113 2751 ni
2160 2691 2290 2751 stu·
2310 2687 2390 2751 31

274 2775 457 2839 dium
486 2773 580 2837 rei
605 2774 903 2858 publicae
942 2775 1158 2839 omnia
1194 2779 1481 2857 superet:
1519 2797 1673 2859 opes
1710 2774 2032 2860 factionis,
2067 2780 2291 2840 vostra

273 2862 623 2946 patientia,
676 2862 777 2926 ius
830 2862 1107 2944 nullum,
1170 2884 1244 2927 ac
1299 2885 1599 2927 maxume
1655 2864 1826 2947 quod
1883 2864 2290 2928 innocentiae

273 2950 426 3034 plus
493 2950 765 3033 periculi
825 2971 1020 3034 quam
1080 2949 1350 3015 honoris
1414 2955 1533 3016 est.
1637 2973 1790 3014 nam
1851 2952 1967 3014 illa
2031 2952 2290 3033 quidem
2324 2966 2360 3012 ⁷2

194 3061 201 3066 ·
273 3038 463 3123 piget
509 3037 744 3121 dicere,
797 3038 901 3102 his
949 3037 1133 3102 annis
1180 3039 1546 3121 quindecim
1593 3060 1786 3122 quam
1831 3038 2111 3102 ludibrio
2157 3038 2298 3102 fue--

254 3125 425 3189 'ritis
464 3126 803 3227 superbiae
849 3147 1222 3210 paucorum,
1269 3148 1465 3209 quam
1510 3126 1693 3190 foede
1741 3146 2059 3208 quamque
2095 3125 2290 3189 inulti

273 3214 591 3297 perierint
627 3214 833 3279 vostri
871 3213 1256 3297 defensoreS,
1291 3219 1369 3278 ut
1405 3215 1591 3279 vobis
1630 3213 1881 3277 animus
1920 3211 2048 3276 ab
2029 3213 2292 3296 lgnavia

276 3306 474 3386 atque
521 3303 816 3368 socordia
860 3307 1213 3386 conruptus
1261 3302 1367 3385 sit,
1414 3303 1525 3384 qui
1563 3324 1644 3365 ne
1679 3323 1849 3365 nunc
1887 3301 2144 3384 quidem
2182 3301 2290 3365 ob·
2326 3316 2359 3362 3

273 3391 490 3456 noxiis
518 3390 801 3455 inimicis
837 3390 1154 3474 exurgitis
1192 3394 1386 3473 atque
1424 3390 1622 3454 etiam
1656 3410 1826 3453 nunc
1864 3389 2112 3453 timetis
2160 3410 2288 3472 000,

276 3479 514 3561 quibus
568 3478 754 3542 decet
803 3480 1036 3542 terrori
1082 3500 1240 3542 esse.
1333 3478 1444 3541 sed
1491 3498 1882 3561 quamquam
1925 3476 2084 3540 haec
2131 3477 2289 3540 talia
2413 3467 2648 3570 Aa

275 3570 447 3650 sunt,
485 3571 706 3629 tamen
734 3565 1046 3629 obviam
1028 3588 1122 3630 110
1158 3566 1463 3631 factionis
1490 3564 1823 3649 potentiae
1861 3564 2113 3628 animus
2143 3566 2288 3664 sub-
2554 3605 2560 3610 -
2636 3565 2648 3572 “
