2650 4059
398 241 526 295 XIV
948 238 1046 294 DE
1085 238 1142 296 C.
1182 237 1569 293 SALLUSTIO
1611 235 1861 293 CRISPO

402 390 508 467 qui
556 391 791 449 exsules
825 386 1086 463 reduxit,
1131 386 1197 445 in
1241 389 1520 446 senatum
1555 404 1665 464 per
1703 390 2096 464 quaesturam
2138 388 2431 448 reductus

402 480 497 537 est
539 475 631 553 [a.
677 476 798 537 705
845 500 929 523 -ι
977 472 1106 551 49].

540 597 703 659 Oros.
762 598 861 658 VI
897 598 995 665 15,
1039 599 1111 656 8.·

535 687 622 746 At
673 704 816 747 vero
870 683 1190 746 Dolabella
1242 685 1515 762 partium
1567 682 1844 745 Caesaris
1897 685 1962 744 in
2015 685 2262 764 Illyrico
2316 707 2433 764 per

402 773 722 835 Octavium
776 775 840 833 et
882 771 1173 833 Libonem
1224 773 1424 833 victus
1481 772 1790 850 copiisque
1846 776 2065 833 exutus
2111 774 2189 833 ad
2231 774 2427 835 Anto·

403 864 572 921 nium
624 861 802 939 fugit.
891 860 1134 921 Basilus
1190 863 1253 920 et
1300 859 1631 920 Sallustius
1688 878 1825 920 oum
1870 860 2127 939 singulis
2171 862 2428 939 legioni·

403 950 534 1027 bus,
579 949 799 1027 quibus
843 951 1180 1026 praeerant,
1226 993 1241 1009 .
1272 994 1285 1007 .
1332 948 1622 1009 adversus
1661 946 1982 1009 Octavium
2028 952 2091 1009 et
2132 948 2429 1010 Libonem

402 1037 660 1115 profecti
706 1039 768 1096 et
810 1036 959 1097 victi
1004 1039 1147 1096 sunt
1189 1033 1280 1112 [a.
1327 1029 1514 1115 706l7
1559 1060 1643 1085 ε-
1690 1033 1881 1116 48s7J.

535 1158 691 1234 App.
737 1161 789 1220 b.
835 1161 939 1219 civ.
985 1160 1074 1218 II
1109 1161 1222 1218 92.-

536 1243 616 1318 ὥς
676 1240 732 1305 δ’
795 1237 982 1326 ἦλθεν
1044 1238 1302 1327 (Καῖσαρ
1348 1243 1410 1318 ἐς
1447 1240 1674 1324 Ῥώμην
1718 1245 1807 1322 [a.
1855 1250 1978 1308 707
2025 1274 2107 1297 ==
2156 1244 2338 1330 47]),
2383 1245 2426 1327 ἡ

403 1331 512 1414 μὲν
558 1334 752 1406 στάσις
795 1330 836 1412 ἡ
858 1332 1149 1411 πολιτικὴ
1193 1333 1578 1412 κατεπαύετο,
1632 1331 1797 1415 ἑτέρα
1843 1327 1899 1394 δ’
1948 1328 2041 1395 ἐπ’
2090 1334 2271 1397 αύτὸν
2317 1334 2427 1397 ἀν·
2466 1411 2470 1415 ,

405 1422 599 1483 ίστατο
634 1430 740 1484 τοῦ
777 1430 1047 1503 στρατοῦ,
1091 1419 1172 1493 ὧς
1216 1418 1352 1482 οὔτε
1395 1420 1467 1482 τὰ
1510 1419 1908 1502 ἐπηγγελμένα
1951 1423 2174 1500 σφίσιν-
2201 1423 2299 1485 ἐπὶ
2341 1430 2425 1510 τῷ

403 1509 550 1570 κατὰ
592 1510 903 1590 Φάρσαλον
949 1507 1096 1594 ἔργῳ
1141 1509 1439 1588 λαβόντες,
1484 1506 1619 1570 οὔτε
1653 1508 1917 1588 ἐννόμως
1962 1509 2046 1571 ἔτι
2089 1512 2428 1593 βραδύνον-

404 1620 496 1670 τες
558 1596 623 1658 ἐν
678 1602 750 1704 τῇ
796 1596 1086 1680 στρατείᾳ·
1129 1593 1469 1675 ,ἀφεθῆναί
1511 1619 1571 1658 τε
1631 1597 1845 1670 πάντες
1916 1596 2014 1659 ἐπὶ
2082 1598 2154 1659 τὰ
2225 1598 2428 1661 αὐτῶν

403 1684 632 1764 ἠξίουν.
722 1682 754 1744 ὁ
802 1679 859 1743 δ’
907 1683 1219 1765 ἐπήγγελτο
1265 1681 1374 1764 μὲν
1428 1683 1631 1757 αύτοῖς
1688 1683 1927 1765 ἀόριστά
1969 1708 2103 1747 τινα
2145 1686 2211 1749 ἐν
2260 1690 2428 1769 Φαρ-

409 1774 591 1858 σάλῳ,
644 1770 744 1832 καὶ
797 1768 960 1853 ἕτερα
1013 1770 1253 1854 ἀόριστα
1307 1771 1451 1833 ὅταν
1506 1769 1538 1832 ὅ
1601 1771 1667 1834 ἐν
1719 1774 1928 1858 Λιβύη
1972 1774 2223 1854 πόλεμος
2268 1774 2427 1837 ἐκτε-

410 1865 618 2007 ²86³}-
665 1858 790 1921 τότε
819 1853 876 1921 δ’
908 1857 1160 1939 ἔπεμπεν
1195 1857 1375 1933 όίλλας
1414 1857 1624 1941 ὁρίζων
1669 1857 1888 1946 ἑκάστῳ
1923 1863 2108 1942 χιλίας
2146 1863 2427 1945 δραχμάς.

407 1950 466 2010 οἳ
524 1949 561 2008 δ
645 1945 826 2008 αὐτὸν
890 1946 999 2027 ούχ
1061 1946 1477 2027 ὑπισχνεῖσθαι
1540 1952 1759 2026 μᾶλλον
1816 1945 1857 2028 ἢ
1916 1948 2128 2012 αὐτίκα
2190 1950 2427 2014 διδόναι

404 2036 598 2097 πάντα
642 2032 935 2096 ἐκέλευον·
989 2034 1091 2096 καὶ
1135 2034 1267 2116 περὶ
1320 2037 1506 2098 τῶνδε
1549 2037 1916 2098 Σαλούστιον
1962 2039 2232 2120 Κρίσπον
2276 2055 2427 2120 πεμ-

406 2120 641 2200 φθέντα
683 2121 831 2204 πρὸς
877 2121 1096 2196 αὐτοὺς
1142 2119 1344 2204 ὀλίγον
1379 2122 1480 2184 καὶ
1525 2120 1896 2206 διέφθειραν,
1940 2126 1995 2186 εἰ
2036 2125 2117 2205 μὴ
2163 2125 2425 2209 διέφυγε.

539 2248 658 2306 Dio
706 2247 912 2307 XLII
950 2251 1051 2315 52,
1098 2250 1135 2306 1
1171 2266 1284 2320 sq..-

538 2333 605 2395 ἐν
640 2334 966 2418 Καμπανίᾳ
1002 2331 1065 2395 δὲ
1101 2335 1166 2396 οἰ
1184 2334 1422 2406 πλείους
1457 2331 1675 2413 αὐτῶν,
1718 2331 1799 2408 ὡς
1832 2334 1934 2397 καὶ
1975 2334 2036 2409 ἐς
2069 2336 2180 2415 τὴν
2220 2332 2425 2419 Ἀφρι-

406 2420 522 2499 κὴν
577 2422 1097 2502 προπλευσόμενοι,
1148 2415 1320 2502 ἦσαν.
1411 2414 1575 2484 οὗτοι
1627 2412 1739 2484 οὖν
1791 2423 1895 2485 τόν
1952 2446 2011 2486 τε
2055 2426 2424 2488 Σαλούστιον

406 2504 546 2591 παρ’
596 2506 795 2591 ὀλίγον
841 2508 1216 2589 ἀπέκτειναν,
1260 2509 1578 2591 στρατηγὸς
1620 2509 1732 2591 γὰρ
1777 2509 1874 2572 ἐπὶ
1917 2517 1997 2596 τῷ
2041 2511 2150 2589 τὴν
2195 2513 2424 2592 βουλὴν

409 2596 726 2677 ἀναλαβεῖν
785 2596 1189 2676 ἀπεδέδεικτο,
1250 2596 1352 2659 καὶ
1412 2596 1614 2674 ἐπειδὴ
1675 2596 1776 2658 καὶ
1833 2597 2055 2671 ἐκεῖνος
2112 2599 2423 2681 διαφυγὼν

409 2685 626 2758 αὐτοὺς
661 2684 723 2758 ἐς
758 2684 867 2763 τὴν
896 2681 1120 2765 Ῥώμην
1163 2683 1312 2766 πρὸς
1350 2684 1454 2745 τὸν
1501 2684 1772 2764 Καίσαρα
1816 2683 2068 2765 ὥρμησε,
2111 2685 2181 2746 τὰ
2224 2690 2424 2768 γυγνό-

410 2774 557 2853 μενά
603 2774 665 2834 οἱ
705 2773 983 2853 δηλώσων
998 2816 1018 2852 ,
1062 2770 1388 2852 ἐφέσποντό
1433 2792 1492 2832 τε
1538 2770 1696 2856 αὐτῷ·
1744 2771 1949 2851 συχνοὶ
1993 2773 2245 2852 μηδενὸς
2291 2798 2422 2852 φει-

410 2861 667 2940 δόμενοι,
711 2859 813 2922 καὶ
846 2859 1059 2933 ἄλλους
1093 2881 1154 2922 τε
1188 2867 1305 2921 τῶν
1342 2857 1700 2938 ἐντυχόντων
1745 2861 1914 2935 σφίσι
1955 2860 2058 2921 καὶ
2098 2862 2420 2940 βουλευτὰς

410 2948 520 3011 δύο
567 2948 845 3026 ἔσφαξαν.

543 3072 659 3132 Cic.
706 3091 790 3147 ep.
838 3074 918 3132 ad
959 3070 1078 3131 Aa.
1126 3071 1234 3128 XI
1268 3073 1373 3138 20,
1418 3072 1462 3129 2
1518 3068 1652 3140 (sor.
1698 3087 1754 3130 a.
1799 3072 1855 3131 d.
1903 3069 2072 3130 XVI
2110 3070 2221 3130 kal.
2266 3069 2417 3145 Sept.

410 3180 465 3221 a·
511 3161 1028 3327 zaffarffssiam
1056 3244 1348 3305 Sallustio
1384 3243 1645 3323 ignovit=
1685 3291 1698 3304 .
1730 3291 1743 3305 .
1825 3246 1877 3306 is
1914 3246 2098 3325 venit,
2132 3250 2206 3306 ut
2230 3246 2418 3325 legio-

407 3354 513 3395 nes
559 3336 624 3394 in
670 3334 938 3395 Siciliam
981 3332 1343 3394 traduceret.

539 3459 687 3603 igin
712 3454 1183 3606 {frssafflufftium
1219 3543 1499 3624 Crispum
1542 3550 1881 3624 praetorem
1927 3545 2018 3626 [a.
2045 3551 2167 3610 708
2195 3573 2278 3598 --»
2308 3545 2420 3624 46]
