2650 4059
617 261 907 317 BELLUM
942 260 1464 318 HJGURTHINUM
1501 279 1547 317 c.
1588 268 1812 318 62-64.
2143 262 2227 328 87

197 429 347 472 sese
384 407 709 473 exercuit:
744 408 842 473 ita
875 407 1049 472 inter
1085 407 1248 472 artis
1285 408 1491 473 bonas
1527 408 1858 492 integrum
1893 407 2229 493 ingenium
2256 425 2263 435 ·

200 495 389 560 brevi
435 495 736 562 adolevit.
810 517 991 580 ergo,
1039 495 1155 560 ubi
1199 495 1484 579 primum
1538 495 1947 561 tribunatum
1992 494 2227 559 milita-
2265 512 2302 558 4

202 605 344 649 rem
381 606 422 647 a
448 583 690 668 populo
728 583 916 667 petit,
951 583 1277 666 plerisque
1304 582 1540 648 faciem
1577 583 1715 648 eius
1751 583 2226 668 ignorantibuS,
2466 661 2483 666 J

200 671 399 737 factis
445 675 641 737 notus
695 693 812 755 per
857 672 1068 735 omnis
1123 671 1338 747 tribus
1392 671 1772 736 declaratur.
1860 670 2087 734 deinde
2142 671 2226 734 ab
2264 651 2611 734 ὄιῖόῖἷὲέϋεῑε

200 781 284 824 eo
332 759 727 844 magistratu
774 759 992 843 alium,
1036 762 1189 843 post
1225 758 1427 823 alium
1468 759 1597 824 sibi
1631 759 1903 843 peperit,
1949 779 2227 841 semper·

204 868 333 930 que
387 848 457 911 in
509 848 950 932 potestatibus
1005 868 1082 911 eo
1137 846 1330 911 modo
1387 847 1714 932 agitabat,
1772 850 1850 910 ut
1913 846 2226 930 ampliore

127 935 135 941 ’
208 957 407 1019 quam
452 937 723 1037 gerebat
768 935 1004 1021 dignus
1050 934 1418 999 haberetur.
1483 937 1704 999 tamen
1739 934 1797 999 is
1836 934 1918 998 ad
1954 933 2022 998 id
2056 934 2226 998 loco·
2265 953 2296 999 6

203 1045 354 1088 rum
400 1023 553 1088 tahs
598 1023 699 1088 vir
754 1019 933 1109 (nam
984 1026 1218 1106 postea
1262 1023 1619 1087 ambitione
1673 1044 1979 1108 praeceps
2033 1022 2224 1086 datus

201 1108 338 1195 e'st)
396 1112 806 1176 consulatum
852 1110 1153 1194 adpetere
1214 1133 1351 1175 non
1414 1111 1710 1176 audebat.
1787 1096 1823 1199 (
1818 1110 2020 1175 etiam
2084 1113 2227 1175 tum

201 1199 373 1264 alios
419 1200 847 1285 magistratus
891 1199 1098 1283 plebs,
1144 1198 1558 1263 consulatum
1599 1198 1913 1264 nobilitas
1947 1199 2121 1263 inter
2158 1219 2226 1262 se

202 1309 323 1371 per
345 1309 598 1355 ,manus
644 1277 983 1371 tradebat.)
1050 1308 1254 1351 novos
1305 1308 1498 1351 nemo
1555 1290 1694 1350 tam
1752 1286 1964 1350 clarus
2017 1307 2225 1369 neque
2265 1303 2293 1349 7

202 1380 349 1440 tam
394 1375 675 1461 egregiis
722 1374 914 1440 factis
961 1379 1120 1459 erat,
1167 1373 1345 1464 quin,
1368 1374 1675 1459 indignus
1710 1372 1828 1438 illo
1867 1373 2114 1438 honore
2160 1378 2227 1437 et
2281 1419 2285 1425 -

203 1463 263 1527 is
314 1463 498 1548 quasi
544 1463 835 1547 pollutus
881 1453 1324 1614 habereturssss
1660 1510 1664 1514 -
1975 1537 1979 1542 ,
2322 1542 2325 1546 ¹

341 1550 557 1637 Igitur
592 1551 707 1616 ubi
733 1549 981 1615 Marius
1017 1551 1219 1631 [cum]
1305 1549 1623 1634 aruspicis
1661 1549 1838 1614 dicta
1872 1549 2099 1614 eodem
2135 1547 2226 1612 in-
2246 1547 2333 1614 64

205 1640 470 1704 tendere
497 1639 691 1721 videt,
729 1660 857 1723 quo
896 1638 1129 1722 cupido
1167 1638 1369 1703 animi
1395 1638 1802 1721 hortabatur,
1838 1637 1921 1702 ab
1958 1634 2225 1701 Metello

205 1727 478 1811 petundi
513 1727 730 1812 gratia
764 1726 1142 1791 missionem
1168 1730 1380 1811 rogat.
1444 1726 1550 1791 cui
1587 1746 1982 1809 quamquam
2021 1724 2228 1789 virtus

206 1816 423 1901 gloria
466 1819 661 1900 atque
709 1814 839 1879 alia
874 1813 1160 1898 optanda
1194 1814 1385 1880 bonis
1415 1814 1851 1897 superabant,
1880 1816 2102 1876 tamen
2136 1746 2644 1901 in-ffspvfiqd

203 1908 351 1968 erat
388 1906 799 1987 contemptor
845 1902 1100 1967 animus
1146 1905 1214 1966 et
1256 1901 1577 1985 superbia,
1623 1921 1962 1986 commune
1996 1898 2228 1964 nobili·

204 1992 368 2056 tatis
398 1991 659 2055 malum.
703 1991 924 2075 itaque
952 1990 1238 2074 primum
1256 1993 1601 2077 conmotus
1616 1989 1885 2055 insolita
1903 2009 1972 2052 re
2000 1986 2226 2051 mirari
2263 2006 2296 2052 2

208 2080 550 2165 [primum]
581 2079 720 2143 eius
749 2078 1094 2143 consilium
1120 2081 1188 2142 et
1215 2077 1405 2162 quasi
1431 2100 1546 2161 per
1565 2077 1923 2141 amicitiam
1949 2096 2228 2158 monere,

205 2191 289 2233 ne
327 2172 468 2232 tam
495 2189 696 2251 prava
720 2166 1038 2251 inciperet
1062 2187 1189 2230 neu
1225 2188 1421 2250 super
1447 2164 1779 2230 fortunam
1807 2165 2096 2228 animum
2123 2183 2229 2248 ge-

206 2260 409 2321 reret:
434 2277 571 2320 non
605 2254 824 2320 omnia
860 2254 1158 2319 omnibus
1197 2253 1521 2339 cupiunda
1546 2274 1706 2336 esse,
1737 2252 1968 2317 debere
1996 2250 2096 2314 illi
2124 2271 2226 2315 res

92 2374 97 2378 ·
205 2366 360 2410 suas
408 2343 571 2409 satis
616 2343 897 2428 placere:
952 2346 1285 2426 postremo
1342 2344 1597 2407 caveret
1647 2340 1717 2404 id
1769 2343 1988 2424 petere
2036 2359 2076 2400 a
2119 2359 2229 2422 po-

204 2432 365 2517 pulo
394 2430 711 2515 Romano,
748 2430 920 2515 quod
955 2430 1056 2494 illi
1082 2430 1221 2494 iure
1258 2431 1624 2514 negaretur.
1688 2429 2039 2511 postquam
2063 2425 2227 2489 haec
2264 2445 2295 2493 3

10 2528 13 2531 ’
145 2535 152 2541 ·
205 2525 407 2604 atque
470 2519 601 2584 alia
661 2519 824 2583 talia
876 2518 1042 2582 dixit
1098 2539 1308 2601 neque
1374 2516 1627 2581 animus
1690 2514 1861 2579 Mari
1923 2512 2227 2596 flectitur,

10 3764 19 3861 Ἰ..ι-..ί

205 2782 572 2869 postulanti
608 2782 817 2847 fertur
852 2782 1109 2865 dixisse,
1150 2804 1232 2846 ne
1268 2781 1611 2846 festinaret
1657 2780 1861 2845 abire:
1899 2779 2061 2843 satis
2098 2800 2207 2842 ma

208 2878 356 2937 ture
403 2871 591 2935 illum
636 2892 783 2935 cum
829 2869 966 2935 filio
1003 2891 1121 2934 suo
1160 2869 1572 2935 consulatum
1606 2868 1983 2952 petiturum.
2054 2867 2112 2930 is
2151 2888 2185 2931 e

206 2966 505 3044 tempore
559 2958 984 3044 ¹contubernio
1038 2957 1245 3041 patris
1299 2957 1542 3021 ibidem
1605 2956 1960 3038 militabat,
2025 2976 2192 3018 anno

206 3052 405 3115 natus
453 3046 712 3112 circiter
755 3045 1010 3131 viginti.
1086 3066 1248 3129 quae
1294 3066 1398 3109 res
1444 3042 1726 3107 Marium
1771 3064 1918 3107 cum
1961 3062 2080 3124 pro
2116 3039 2229 3105 ho-

206 3158 397 3220 nore,
461 3156 655 3220 quem
718 3133 1106 3217 adfectabat,
1169 3137 1313 3196 tum
1370 3135 1599 3196 contra
1651 3128 1989 3194 Metellum
2043 3126 2228 3192 vehe-

209 3227 464 3290 menter
509 3223 904 3288 accenderat.
985 3221 1084 3285 ita
1128 3219 1426 3305 cupidine
1485 3223 1680 3302 atque
1724 3217 1849 3301 ira,
1903 3216 2225 3300 pessumis
2265 3233 2296 3280 5

206 3310 715 3395 consultoribus,
760 3308 1073 3396 grassari:
1131 3329 1341 3391 neque
1386 3306 1561 3372 facto
1605 3306 1743 3370 ullo
1796 3324 2005 3387 neque
2051 3301 2226 3368 dicto

208 3400 557 3482 abstinere,
586 3397 758 3484 quod
786 3396 980 3462 modo
1010 3397 1432 3460 ambitiosum
1465 3393 1665 3479 foret3
1702 3393 1963 3475 milites,
1991 3390 2226 3476 quibus
2247 3387 2623 3440 mm

212 3489 278 3554 in
321 3486 615 3553 hibernis
661 3487 985 3570 praeerat,
1031 3484 1274 3549 laxiore
1318 3482 1594 3566 imperio
1643 3504 1837 3567 quam
1884 3484 2076 3544 antea
2117 3477 2228 3554 ha-

211 3579 390 3662 bere3
463 3574 634 3658 apud
694 3571 1167 3657 negotiatores,
1235 3591 1514 3656 quorum
1578 3583 1815 3657 magna
1877 3567 2227 3633 multltudo

206 2607 574 2693 respondit,
619 2607 733 2671 ubi
777 2607 1061 2691 primum
1095 2605 1422 2690 potuisset
1465 2602 1920 2689 per-‚negotia
1948 2601 2169 2685 public
2246 2518 2602 2806 “affl

205 2696 537 2761 facturum
582 2716 722 2759 sese
769 2716 933 2779 quae
969 2697 1240 2779 peteret.
1312 2715 1389 2758 ac
1424 2696 1656 2777 postea
1701 2690 1957 2775 saepius
2005 2569 2332 3027 eade?
2463 2780 2471 2786 ·
