2650 4059
391 266 476 329 38
1051 265 1106 321 C.
1147 265 1481 321 SALLUSTI
1517 265 1747 320 CRISPI

390 411 729 496 pudiabat,
792 411 972 476 cuius
1036 410 1225 475 initio
1292 410 1373 474 ad
1437 432 1582 475 eum
1646 431 1919 496 magnae
1979 411 2204 494 copiae
2260 434 2412 477 con-

393 500 766 583 currebant,
814 500 1044 582 opibus
1091 499 1556 563 coniurationis
1600 498 1833 582 fretus,
1880 498 2073 563 simul
2120 500 2409 564 alienum

392 587 525 652 suis
570 587 933 652 rationibus
980 586 1377 652 existumans
1422 587 1625 651 videri
1671 608 1933 652 causam
1980 587 2218 651 civium
2254 609 2408 652 cum

393 676 595 741 servis
641 675 935 760 fugitivis
984 674 1572 739 communicavisse.

284 761 366 826 57
524 762 649 828 Sed
675 762 1068 846 postquam'
1051 785 1119 826 m
1147 766 1363 826 castra
1378 762 1645 827 nuntius
1673 763 1969 846 pervenit
1990 763 2236 828 Romae
2257 786 2407 828 con-

389 851 779 916 iurationem
822 849 1234 933 patefactam,
1279 850 1357 914 de
1393 849 1672 915 Lentulo
1710 854 1778 915 et
1815 849 2104 938 Cethego
2142 852 2408 916 ceteris·

392 961 532 1022 que,
572 960 732 1022 quos
772 959 966 1021 supra
1001 937 1372 1021 memoravi,
1410 938 1797 1022 supplicium
1827 943 2176 1023 sumptum,
2210 939 2407 1024 pleri-

392 1049 533 1110 que,
562 1047 723 1109 quos
753 1025 833 1089 ad
860 1026 1103 1091 bellum
1132 1047 1278 1109 spes
1307 1026 1679 1108 rapinarum
1707 1030 1819 1090 aut
1844 1049 2160 1091 novarum
2182 1050 2405 1092 rerum

391 1114 676 1179 studium
694 1113 1026 1197 inlexerat,
1045 1113 1446 1197 dilabuntur3
1472 1114 1757 1197 reliquos
1778 1113 2063 1179 Catilina
2087 1137 2203 1199 per
2222 1138 2405 1180 mon-

391 1202 478 1266 tis
533 1223 795 1285 asperos
851 1202 1103 1286 magnis
1148 1201 1490 1265 itineribus
1536 1202 1607 1265 in
1659 1223 1889 1287 agrum
1933 1202 2403 1269 Pistoriensem

392 1289 653 1354 abducit
689 1312 764 1354 eo
803 1289 1092 1372 consilio,
1127 1289 1228 1353 uti
1262 1311 1379 1372 per
1414 1290 1710 1354 tramites
1750 1291 1998 1355 occulte
2028 1290 2404 1376 perfugeret

321 1390 352 1436 2
391 1379 459 1442 in
506 1376 787 1442 Galliam
832 1377 1340 1461 Transalpinam.
1431 1381 1500 1441 at
1548 1376 1621 1453 Q.
1666 1377 1969 1442 Metellus
2018 1379 2203 1443 Celer
2253 1401 2402 1445 cum

393 1467 601 1531 tribus
638 1466 1003 1550 legionibus
1049 1465 1119 1529 in
1163 1485 1322 1548 agro
1359 1464 1599 1529 Piceno
1635 1466 2063 1549 praesidebat,
2109 1489 2188 1531 ex
2235 1467 2402 1531 diffi-

390 1555 632 1619 cultate
678 1576 894 1618 rerum
934 1553 1158 1617 eadem
1193 1552 1306 1615 illa
1345 1552 1761 1637 existumans,
1809 1575 1970 1637 quae
2010 1575 2207 1638 supra
2242 1554 2403 1619 dixi-

321 1655 350 1701 3
389 1664 533 1706 mus
581 1640 930 1706 Catilinam
983 1640 1249 1724 agitare.
1337 1640 1541 1725 igitur
1593 1640 1707 1704 ubi
1759 1641 1886 1705 iter
1940 1642 2077 1706 eius
2132 1665 2210 1706 ex
2259 1665 2404 1725 per-

388 1729 563 1812 fugis
628 1727 964 1813 cognovit,
1036 1731 1250 1791 castra
1310 1749 1582 1812 propere
1645 1730 1851 1794 movit
1915 1752 1989 1794 ac
2052 1731 2171 1794 sub
2235 1731 2400 1814 ipsis

389 1816 712 1881 radicibus
767 1813 1088 1879 montium
1143 1816 1459 1899 consedit,
1525 1838 1652 1899 qua
1704 1817 1805 1881 illi
1859 1817 2201 1883 descensus
2258 1824 2402 1882 erat

319 1917 353 1963 4
389 1905 460 1968 in
507 1902 788 1967 Galliam
827 1903 1219 2004 properanti.
1307 1925 1514 1987 neque
1552 1908 1773 1969 tamen
1807 1904 2133 1970 Antonius
2170 1907 2400 1990 procul

391 1994 642 2074 aberat,
697 1994 925 2092 utpote
982 1991 1093 2074 qui
1146 2013 1383 2077 magno
1440 1992 1726 2057 exercitu
1775 1993 1935 2058 locis
1983 1993 2400 2077 aequioribus

320 2091 350 2139 5
391 2078 721 2162 expeditos
766 2079 835 2142 in
878 2078 1035 2164 fuga
1081 2083 1472 2180 sequeretur.
1563 2081 1673 2143 sed
1719 2079 2003 2145 Catilina
2045 2086 2402 2166 postquam

389 2167 565 2231 videt
609 2167 940 2231 montibus
987 2171 1181 2250 atque
1229 2167 1433 2251 copiis
1469 2167 1758 2232 hostium
1796 2191 1935 2233 sese
1974 2170 2283 2252 clausum,
2328 2170 2403 2234 in

388 2256 546 2319 urbe
593 2276 694 2319 res
741 2256 1071 2337 advorsas,
1115 2277 1322 2337 neque
1378 2255 1571 2340 fugae
1614 2278 1823 2339 neque
1868 2256 2150 2340 praesidi
2194 2221 2402 2322 ullam

390 2364 588 2427 spem,
635 2346 974 2426 optumum
1019 2342 1197 2407 factu
1241 2345 1423 2406 ratus
1468 2342 1539 2406 in
1582 2343 1703 2407 tali
1748 2365 1816 2407 re
1862 2343 2192 2408 fortunam
2237 2346 2401 2410 belli

388 2434 735 2514 temptare,
799 2431 1033 2495 statuit
1097 2452 1242 2495 cum
1304 2428 1593 2495 Antonio
1659 2453 1853 2514 quam
1913 2432 2196 2515 primum
2252 2455 2401 2498 con-

320 2532 350 2578 6
389 2518 629 2604 fligere.
717 2519 939 2601 itaque
995 2518 1291 2581 contione
1348 2519 1661 2584 advocata
1712 2519 1980 2583 huiusce
2035 2520 2211 2584 modi
2258 2543 2399 2585 ora-

388 2607 634 2671 tionem
677 2606 932 2670 habuit:

282 2691 365 2754 58
519 2693 941 2776 ‘Conpertum
977 2713 1099 2776 ego
1135 2691 1363 2776 habe0,
1397 2694 1658 2778 milites,
1693 2696 1893 2759 verba
1927 2695 2238 2759 virtutem
2262 2718 2401 2762 non

389 2782 644 2865 addere,
696 2802 904 2863 neque
961 2802 1037 2843 ex
1091 2779 1326 2863 ignavo
1383 2785 1716 2846 strenuum
1768 2804 1977 2867 neque
2031 2782 2271 2848 fortem
2317 2806 2401 2849 ex

317 2882 348 2928 2
391 2868 618 2932 timido
673 2867 1025 2931 exercitum
1080 2867 1372 2931 oratione
1425 2869 1837 2953 imperatoris
1890 2869 2050 2934 fieri.
2150 2876 2400 2954 quanta

390 2956 696 3038 cuiusque
725 2954 941 3018 animo
970 2954 1236 3019 audacia
1261 2959 1497 3020 natura
1525 2960 1638 3020 aut
1667 2957 1955 3022 moribus
1983 2958 2172 3042 inest,
2208 2963 2400 3024 tanta

389 3044 457 3107 in
499 3043 673 3107 bello
718 3045 941 3125 patere
989 3042 1170 3106 solet.
1263 3064 1454 3127 quem
1498 3065 1704 3128 neque
1742 3045 1952 3131 gloria
1986 3068 2194 3129 neque
2230 3048 2399 3130 peri-

390 3131 534 3194 cula
561 3130 865 3214 excitant,
899 3130 1292 3213 nequiquam
1319 3130 1608 3196 hortere:
1655 3132 1852 3196 timor
1890 3133 2091 3197 animi
2126 3134 2395 3199 auribus

318 3234 348 3279 3
391 3217 611 3283 officit.
658 3216 770 3281 sed
807 3238 927 3302 ego
963 3239 1097 3301 vOS,
1144 3240 1270 3301 quo
1308 3241 1514 3302 pauca
1550 3241 1895 3303 monerem,
1941 3221 2265 3304 advocavi,
2312 3223 2396 3286 si-

387 3306 521 3369 mul
571 3303 670 3368 uti
717 3326 976 3369 causam
1021 3306 1148 3370 mei
1194 3307 1425 3371 consili
1470 3308 1802 3392 aperirem

318 3408 351 3453 4
521 3390 717 3457 Scitis
752 3393 1062 3494 equidem,
1099 3394 1362 3477 milites,
1399 3396 1693 3460 socordia
1720 3396 1963 3480 atque
1945 3398 2206 3481 lgnavia
2230 3396 2395 3462 Len-

388 3480 509 3543 tuli
556 3484 865 3562 quantam
910 3481 1037 3565 ipsi
1084 3482 1402 3565 nobisque
1449 3483 1696 3547 cladem
1750 3484 2073 3566 attulerit,
2138 3506 2394 3568 quoque

387 3568 597 3653 modo,
634 3568 786 3632 dum
823 3589 901 3633 ex
937 3569 1094 3633 urbe
1130 3569 1454 3652 praesidia
1491 3571 1807 3655 opperior,
1841 3571 1913 3635 in
1940 3569 2221 3635 Galliam
2247 3595 2397 3656 pro·

2631 897 2637 1106 ι
