2650 4059
276 269 805 325 DISCREPANTIA
821 269 1107 325 PRIORIS
1125 270 1491 326 EDITIONIS
1509 271 2095 327 TEUBNERIANAE.
2177 272 2231 327 V

198 408 557 479 exagitatam
602 411 754 466 codd.
799 414 819 482 11
862 409 1214 480 exagitatum
1320 418 1388 466 31
1402 454 1416 480 ,
1455 417 1488 466 3
1533 410 1780 481 rogitare
1817 411 2006 466 omnia
2042 411 2232 467 omnia

198 513 412 567 pavere
447 500 646 568 scripsi
687 501 706 567 ΙΙ
749 497 1022 568 rogitare,
1070 498 1259 553 omnia
1293 515 1500 569 pavere
1646 504 1731 569 31,
1770 505 1803 553 5
1842 503 1942 555 aut
1985 501 2233 571 plerique

198 587 358 641 codd.
404 588 425 656 ss
466 585 559 640 vel
656 590 722 640 31
736 629 750 654 ,
789 591 822 639 5
869 585 1017 641 sicut
1051 587 1156 656 (vel
1191 585 1383 657 sicuti)
1420 588 1669 658 plerique
1709 590 1731 658 11
1777 586 1958 641 sicubi
2063 592 2129 641 31
2145 629 2159 655 ,
2199 590 2231 641 7

199 672 432 742 plebem
465 673 778 728 Romanam
820 675 976 729 codd.
1021 677 1041 744 1]
1083 674 1356 744 populum
1391 674 1708 729 Romanum
1814 680 1900 743 32,
1939 680 1967 728 1
2017 673 2234 729 consuli

200 762 362 817 codd.
390 765 410 831 fl
437 761 654 816 consuli
689 762 817 797 *⁸¹³*
890 767 976 832 32,
1005 768 1038 817 2
1073 765 1306 832 possent
1342 764 1495 818 codd.
1522 766 1544 833 ΙΙ
1567 761 1791 832 possint
1861 768 1946 831 32,
1976 766 2008 815 2
2047 777 2231 816 acces·

200 866 397 903 surum
431 866 610 906 errore
634 850 655 919 ΙΙ
680 847 1041 905 adcessurum
1114 856 1199 919 33,
1231 856 1259 904 1
1297 850 1519 919 patriae
1556 848 1723 920 sedis,
1760 866 1954 904 omnes
1990 851 2189 919 scripsi
2211 849 2232 921 ΙΙ

200 937 443 1007 patriae,
481 939 570 992 set
606 953 799 992 omnes
899 943 984 1007 33,
1014 944 1047 992 3
1082 937 1245 1007 plebs
1282 945 1393 1008 opt.
1431 940 1509 1005 (P
1538 937 1683 1009 ples)
1720 938 1965 1006 (eamdem
1998 938 2231 1005 somnam

199 1028 418 1082 servavi
452 1025 510 1082 0.
548 1031 635 1094 48,
665 1031 723 1091 13
759 1026 801 1080 I.
841 1032 926 1094 63,
959 1033 1017 1092 63
1057 1032 1141 1095 65,
1172 1028 1227 1096 5)
1253 1028 1273 1096 ῃ
1297 1025 1492 1095 plebes
1584 1031 1669 1095 34,
1700 1030 1729 1079 1
1768 1024 2061 1095 respondit
2093 1025 2150 1078 P
2181 1030 2232 1081 et

197 1113 446 1183 plerique
470 1116 491 1184 ss
516 1112 821 1182 respondet
891 1117 976 1181 34,
999 1118 1027 1166 1
1057 1112 1272 1167 vellent
1297 1113 1355 1167 P
1377 1114 1626 1184 plerique
1651 1116 1670 1183 [Ι
1695 1112 1875 1167 velint
1945 1117 2030 1180 34,
2050 1116 2082 1165 2
2112 1128 2230 1167 ore·

202 1202 361 1254 retur
388 1201 485 1268 Pn
511 1199 752 1254 oriretur
822 1206 907 1269 35,
929 1206 962 1254 3
999 1199 1098 1269 qui
1125 1198 1286 1270 (quin
1313 1202 1448 1270 opt.)
1475 1202 1494 1268 ΙΙ
1520 1200 1656 1269 quia
1727 1206 1813 1270 35,
1833 1206 1865 1253 3
1903 1203 1985 1271 (et
2011 1232 2079 1242 —
2106 1217 2231 1270 per·

204 1287 470 1358 solveret)
499 1289 555 1343 P
577 1290 649 1344 al.
678 1292 696 1359 n
725 1331 738 1358 ,
786 1305 912 1343 cum
940 1288 1160 1343 scilicet
1188 1318 1251 1328 ——
1282 1287 1642 1358 persolveret,
1716 1294 1801 1357 36,
1833 1294 1861 1342 1
1891 1287 2231 1343 Flaminium

201 1377 359 1432 codd.
387 1378 408 1444 ΙΙ
432 1375 772 1430 Flaminium
810 1376 1226 1448 [Flammam]
1300 1381 1387 1444 36,
1418 1380 1451 1428 5
1488 1378 1657 1444 atque
1694 1377 1750 1431 P
1771 1377 2019 1447 plerique
2044 1378 2064 1447 ΙΙ
2090 1378 2228 1459 erat,

202 1479 354 1531 quae
425 1468 510 1532 37,
540 1468 573 1517 5
610 1463 709 1532 qui
743 1480 845 1534 per
880 1464 1157 1519 dedecora
1195 1463 1251 1517 P
1275 1465 1524 1533 plerique
1548 1466 1567 1533 11
1592 1478 1694 1532 per
1728 1463 2004 1516 dedecora
2039 1464 2229 1532 (deleto

204 1550 326 1620 qui)
386 1556 486 1620 37,
507 1558 539 1605 5
577 1550 876 1607 alebantur
900 1554 1112 1607 inserui
1137 1553 1157 1620 ΙΙ
1183 1567 1282 1607 om.
1359 1555 1495 1619 38,1
1527 1549 1622 1605 Cn.
1650 1548 1916 1618 Pompeio
1945 1550 2005 1604 et
2030 1551 2183 1606 codd.
2210 1551 2230 1622 ΙΙ
2297 1618 2303 1626 ,

203 1639 308 1695 Gn.
345 1639 614 1710 Pompeio
650 1641 757 1712 [et]
833 1646 978 1709 38,1
1017 1639 1174 1695 nacti
1209 1641 1363 1696 codd.
1391 1639 1631 1709 ”nancti
1702 1645 1787 1707 38,
1817 1644 1849 1691 3
1885 1637 1989 1692 illa
2024 1642 2177 1696 codd.
2208 1640 2229 1714 ΙΙ

204 1727 396 1783 Sullae
467 1733 553 1796 39,
583 1733 616 1782 2
654 1730 980 1796 ceterosque
1016 1726 1242 1782 iudiciis
1277 1730 1512 1795 terrere,
1550 1743 1660 1796 quo
1695 1726 1921 1796 plebem
1954 1726 2016 1780 in
2048 1726 2228 1797 magi-

205 1817 391 1870 stratu
424 1814 706 1885 placidius
741 1818 1053 1870 tractarent
1087 1816 1240 1871 codd.
1269 1819 1288 1886 11
1316 1817 1546 1884 ceteros,
1583 1814 1683 1884 qui
1717 1814 1942 1885 plebem
1978 1846 2046 1856 —
2081 1818 2227 1870 trac-

205 1905 409 1971 tarent,
447 1902 673 1957 iudiciis
710 1905 919 1958 terrere
1009 1910 1094 1973 39,
1124 1909 1158 1958 4
1193 1902 1338 1972 illis,
1377 1902 1476 1972 qui
1509 1904 1663 1959 codd.
1709 1905 1728 1973 ΙΙ
1769 1901 1904 1970 illis,
1942 1902 1992 1956 si
2080 1909 2165 1971 39,
2194 1909 2227 1957 5

209 1990 436 2049 Fulvius
473 1991 530 2045 P
569 1992 821 2062 pleriq-ue
862 1994 883 2061 [l
927 1990 1045 2063 [Α.]
1082 1991 1310 2045 Fulvius
1419 1997 1504 2059 39,
1535 1996 1567 2045 6
1612 2006 1715 2061 per
1750 2005 1809 2044 se
1845 1991 1997 2045 codd.
2044 1994 2063 2060 ΙΙ
2106 1990 2227 2061 ipse

205 2085 292 2148 40,
322 2086 355 2135 6
402 2077 638 2133 arcessit
682 2081 843 2149 (quae
877 2081 1048 2135 activi
1082 2081 1263 2148 forma
1298 2081 1520 2134 ommino
1557 2080 1713 2134 libris
1748 2078 2112 2134 commendari
2144 2081 2226 2134 vi·

204 2168 385 2236 detur)
410 2168 432 2236 ΙΙ
458 2164 698 2221 accersit
767 2170 854 2234 41,
885 2171 918 2219 5
952 2164 1243 2236 praecepit
1278 2166 1432 2221 codd.
1460 2168 1480 2234 ΙΙ
1517 2163 1797 2235 praecipit
1866 2169 1952 2233 41,
1982 2170 2015 2218 5
2049 2165 2227 2219 mani-

209 2253 381 2307 festos
426 2254 579 2328 codd.
628 2255 814 2324 (quam
856 2254 1090 2321 formam
1124 2254 1316 2309 ceteris
1350 2269 1557 2322 quoque
1593 2254 1724 2307 locis
1758 2253 1982 2308 exhibui
2007 2260 2230 2324 praeter

209 2342 434 2397 Catonis
469 2357 547 2397 or.
577 2345 663 2409 52,
691 2342 783 2409 36)
810 2344 831 2411 Ι]
856 2340 1202 2395 manufestos
1255 2345 1343 2408 42,
1372 2345 1406 2393 3
1444 2338 1700 2394 citeriore
1735 2340 1889 2395 codd.
1917 2343 1937 2410 ΙΙ
1963 2339 2227 2395 ulteriore

204 2435 293 2500 43,
311 2433 340 2482 1
369 2427 668 2482 videbatur
693 2429 750 2483 P
763 2429 1013 2499 plerique
1037 2429 1056 2496 ΙΙ
1082 2427 1420 2482 videbantur
1473 2431 1559 2496 43,
1581 2430 1610 2479 1
1640 2426 2015 2481 Faesulanum
2040 2428 2229 2499 eodan

204 2522 243 2583 †
268 2515 645 2570 Faesulanum
705 2519 792 2584 43,
814 2522 842 2569 1
871 2513 1056 2585 plebis
1085 2518 1271 2585 (quam
1296 2515 1533 2581 formam
1556 2516 1755 2585 ubique
1778 2516 2011 2585 servavi)
2037 2516 2191 2571 codd.
2208 2515 2229 2587 ΙΙ

205 2602 395 2674 plebei
464 2608 552 2670 44,
582 2605 615 2655 5
652 2601 761 2667 Qui
796 2603 852 2656 P
868 2602 922 2656 V
949 2603 1191 2673 plerique
1216 2605 1235 2672 11
1263 2601 1400 2667 Quis
1471 2606 1558 2670 45,
1587 2608 1620 2656 3
1656 2604 1931 2656 venerunt
1965 2604 2025 2657 et
2060 2601 2230 2656 simul

207 2693 360 2748 codd.
388 2694 409 2762 ΙΙ
433 2704 652 2757 venere,
691 2688 859 2742 simul
928 2694 1015 2758 46,
1045 2695 1078 2743 3
1116 2687 1452 2759 Caeparium
1488 2690 1544 2744 P
1575 2690 1648 2745 al.
1677 2692 1696 2758 ΙΙ
1724 2689 2056 2761 [quendam]
2093 2690 2229 2745 Cae-

207 2777 430 2848 parium
500 2782 587 2846 46,
616 2782 649 2829 3
685 2776 1141 2831 Terracinensem
1175 2778 1232 2831 P
1271 2778 1346 2832 al.
1392 2778 1411 2845 fl
1454 2777 1913 2832 Tarracinensem
1984 2782 2071 2847 46,
2100 2783 2133 2831 5
2167 2778 2230 2834 111

210 2868 468 2921 senatum
501 2863 762 2934 perducit
796 2865 950 2920 codd.
979 2867 998 2935 ΙΙ
1023 2863 1283 2933 perducit
1354 2869 1440 2933 49,
1472 2871 1500 2918 1
1539 2881 1721 2934 neque
1756 2864 2016 2935 precibus
2047 2882 2229 2935 neque

208 2953 398 3023 gratia
448 2968 631 3022 neque
674 2951 858 3022 pretio
904 2954 962 3008 P
1000 2954 1250 3023 plerique
1293 2954 1313 3021 11
1356 2968 1539 3021 neque
1581 2952 1771 3022 precio
1814 2969 1997 3022 neque
2042 2954 2231 3023 gratia

209 3046 294 3110 49,
325 3047 353 3095 1
383 3043 618 3111 potuere
646 3042 798 3096 codd.
827 3042 846 3109 ΙΙ
873 3040 1100 3109 quivere
1163 3046 1250 3110 49,
1269 3046 1304 3094 4
1333 3040 1668 3110 singillatim
1694 3042 1851 3096 libris
1877 3042 2232 3108 confirmatur

210 3131 357 3199 (item
390 3128 431 3184 Ι.
468 3133 556 3197 42,
582 3130 638 3199 5)
673 3130 694 3197 Ι]
739 3127 1067 3197 singulatim
1140 3133 1225 3197 50,
1255 3134 1287 3182 2
1325 3127 1685 3197 exercitatos,
1723 3128 1925 3182 orabat
1956 3126 2019 3183 in
2054 3130 2231 3183 auda-

210 3216 355 3270 ciam
382 3217 438 3271 P
460 3217 709 3286 plerique
733 3219 752 3285 ss
779 3215 1112 3270 exercitatos
1145 3214 1230 3286 [in
1257 3215 1599 3287 audaciam],
1637 3216 1856 3276 orabat?
1909 3220 1994 3284 50,
2022 3221 2058 3270 4
2085 3216 2231 3271 dixit

210 3304 478 3360 Dinterus
511 3309 565 3358 et
597 3304 904 3359 Roscherus
946 3305 965 3372 ΙΙ
1010 3302 1231 3357 dixerat
1330 3308 1414 3371 50,
1442 3308 1477 3356 4
1514 3303 1665 3371 quod
1700 3304 1756 3358 P
1778 3304 2027 3375 plerique
2069 3306 2090 3373 ξς
2133 3304 2231 3373 qui

211 3396 294 3460 51,
323 3396 358 3444 4
395 3389 496 3460 qui
527 3392 583 3446 P
605 3392 856 3461 plerique
880 3394 900 3460 ΙΙ
926 3407 1072 3459 quae
1145 3395 1230 3459 51,
1259 3395 1291 3444 5
1332 3392 1502 3459 atque
1539 3391 1781 3445 advorsa
1805 3391 1862 3444 P
1892 3391 1963 3445 al.
1991 3392 2012 3459 Ι]
2038 3392 2097 3444 51
2131 3393 2232 3446 ad-

211 3495 372 3533 vorsa
444 3483 530 3546 51,
561 3485 593 3533 6
631 3480 690 3533 51
724 3477 785 3531 111
818 3494 959 3548 pace
997 3479 1053 3533 P
1075 3479 1324 3548 plerique
1358 3480 1379 3548 ΙΙ
1418 3479 1522 3549 [51]
1562 3477 1623 3531 111
1656 3493 1797 3547 pace
1869 3482 1954 3545 51,
1984 3484 2016 3532 8
2052 3477 2143 3532 his
2179 3480 2237 3534 P

209 3569 447 3638 plerique
473 3568 492 3635 ΙΙ
519 3565 601 3620 eis
665 3571 750 3634 51,
772 3569 838 3619 15
867 3565 1084 3620 saevior
1111 3567 1272 3635 (seu.)
1303 3568 1358 3620 P
1381 3567 1454 3621 al.
1482 3567 1502 3635 Ι
1529 3565 1771 3620 severior
1834 3569 1918 3633 51,
1942 3570 2007 3619 19
2040 3581 2232 3634 super·
2255 3614 2279 3639 ,
