2650 4059
402 204 485 268 10
1049 201 1105 256 C.
1145 200 1487 256 SALLUSTI
1525 199 1755 256 CRISPI

328 363 361 410 2
400 368 638 433 magna
690 348 978 433 praemia
1037 346 1502 412 coniurationis
1558 346 1803 411 docere.
1902 346 2018 410 ubi
2082 348 2246 411 satis
2311 369 2442 412 ex-

394 436 653 520 plorata
709 440 861 500 sunt
916 456 1079 518 quae
1133 434 1366 518 voluit,
1428 434 1499 498 in
1551 456 1751 497 unum
1808 434 2019 498 omnis
2080 439 2436 518 convocat,

396 524 629 607 quibus
677 546 979 589 maxuma
1014 522 1424 587 necessitudo
1462 526 1529 587 et
1564 522 1938 604 plurumum
1976 523 2284 589 audaciae
2318 525 2434 586 in-

325 627 357 675 3
395 616 553 676 erat.
627 634 702 677 eo
742 632 1094 676 convenere
1132 609 1445 684 senatorii
1484 610 1726 674 ordinis
1763 608 1835 674 P.
1872 608 2187 675 Lentulus
2228 609 2430 694 Sura,

393 699 466 764 P.
503 700 882 782 Autronius,
927 698 1001 763 L.
1039 697 1302 763 Cassius
1340 697 1695 783 LonginuS,
1741 695 1809 763 C.
1848 696 2196 784 Cethegus,
2231 699 2305 763 P.
2343 703 2429 763 et

397 786 531 853 Ser.
581 787 797 852 Sullae
858 785 990 852 Ser.
1035 787 1182 868 filii,
1235 785 1307 849 L.
1355 785 1826 871 Vargunteius,
1874 785 1947 861 Q.
1994 785 2276 871 Annius,
2322 786 2424 851 M.

323 891 357 938 4
392 875 663 941 Porcius
718 875 953 960 Laeca,
1017 873 1089 937 L.
1143 873 1396 957 Bestia,
1461 873 1536 949 Q.
1592 873 1852 958 Curius3
1922 879 2260 958 praeterea
2332 897 2425 939 ex

395 964 680 1047 equestri
727 964 948 1028 ordine
995 961 1083 1026 M.
1128 961 1396 1026 Fulvius
1442 960 1773 1045 Nobilior,
1826 961 1899 1026 L.
1948 960 2283 1046 Statilius,
2338 962 2420 1026 P.

396 1050 712 1116 Gabinius
760 1050 1013 1135 Capito,
1060 1049 1128 1116 C.
1177 1048 1544 1134 Cornelius3
1590 1050 1672 1114 ad
1714 1050 1839 1115 hoe
1885 1051 2078 1114 multi
2124 1073 2202 1115 ex
2240 1051 2418 1116 colo-

325 1153 356 1201 5
393 1140 521 1203 11113
568 1144 636 1205 et
681 1139 1049 1224 municipiis
1095 1138 1272 1204 domi
1313 1138 1586 1204 nobiles.
1670 1142 1855 1202 erant
1891 1142 2227 1222 praeterea
2263 1161 2414 1204 con-

392 1226 610 1310 plures
664 1229 858 1313 paulo
920 1227 1235 1291 occultius
1293 1226 1526 1291 consili
1579 1226 1846 1291 huiusce
1900 1227 2252 1310 participes
2299 1249 2413 1292 no-

393 1315 576 1399 biles,
623 1337 784 1399 quos
832 1316 1040 1401 magis
1085 1314 1546 1379 dominationis
1593 1336 1740 1398 spes
1786 1314 2174 1379 hortabatur
2212 1338 2412 1399 quam

318 1418 355 1467 6
391 1403 614 1488 inopia
673 1408 786 1468 aut
832 1404 963 1468 alia
1004 1403 1432 1467 necessitudO.
1524 1406 1810 1467 ceterum
1854 1402 2155 1467 iuventus
2201 1404 2413 1487 plera-

394 1513 517 1575 que
572 1493 685 1557 sed
729 1513 1026 1556 maxume
1070 1490 1390 1554 nobilium
1436 1488 1755 1555 Catilinae
1801 1490 2078 1575 inceptis
2115 1490 2412 1555 favebat.

393 1580 628 1668 quibus
673 1580 744 1643 in
789 1580 923 1643 otio
971 1578 1072 1642 vel
1119 1578 1460 1662 magnifice
1506 1579 1607 1642 vel
1644 1579 1931 1644 molliter
1968 1579 2181 1644 vivere
2219 1580 2411 1663 copia

394 1671 551 1750 erat,
586 1665 835 1731 incerta
870 1688 990 1760 pro
1034 1666 1247 1749 certiS,
1283 1666 1528 1729 bellum
1566 1687 1761 1749 quam
1796 1688 2021 1750 pacem
2059 1667 2410 1732 malebant.

326 1770 355 1817 ’1
395 1753 572 1819 fuere
628 1753 790 1819 item
843 1776 920 1818 ea
975 1757 1366 1837 tempestate
1413 1754 1525 1836 qui
1571 1754 1905 1819 crederent
1948 1753 2035 1818 M.
2082 1754 2411 1819 Licinium

395 1841 704 1906 Crassum
763 1863 897 1906 non
957 1842 1263 1926 ignarum.
1314 1842 1452 1906 eius
1508 1842 1738 1906 consili
1791 1841 2019 1906 fuisse.
2083 1843 2237 1925 quia
2292 1842 2410 1909 Cn.

391 1928 767 2030 PompeiuS,
821 1929 1068 2008 invisus
1114 1929 1268 2014 ipsi,
1323 1950 1633 2015 magnum
1679 1930 2033 1995 exercitum
2079 1931 2411 2015 ductabat,

393 2018 674 2082 cuiusvis
713 2039 866 2101 opes
904 2005 1185 2082 Voluisse
1224 2021 1453 2082 contra
1487 2018 1664 2082 illius
1700 2018 2066 2101 potentiam
2103 2040 2411 2103 crescere,

394 2105 586 2170 simul
652 2106 990 2190 confisum,
1055 2105 1112 2169 si
1176 2105 1535 2170 coniuratio
1590 2106 1928 2190 valuisset,
1990 2105 2179 2170 facile
2235 2070 2411 2191 apud

390 2193 540 2257 illos
586 2194 943 2277 principem
989 2216 1057 2257 se
1101 2192 1259 2258 fore.

290 2285 372 2348 18
527 2279 653 2347 Sed
698 2286 889 2346 antea
934 2282 1094 2346 item
1141 2281 1554 2346 coniuravere
1599 2282 1789 2367 pauci
1836 2287 2065 2348 contra
2108 2305 2245 2347 rem
2293 2306 2410 2368 pu-

319 2385 355 2433 2
391 2369 701 2454 blicam,
682 2393 753 2434 111
789 2370 1023 2453 quibus
1054 2368 1338 2435 Catilina
1363 2370 1506 2434 fuit.
1560 2370 1638 2434 de
1667 2391 1795 2453 qua
1823 2391 2015 2453 quam
2049 2371 2407 2437 verissume

390 2462 620 2541 potero
676 2459 904 2523 dicam.
994 2457 1068 2524 L.
1112 2458 1302 2522 Tullo
1358 2462 1424 2522 et
1468 2457 1573 2522 Μ’.
1618 2457 1863 2541 Lepido
1911 2459 2285 2524 consulibus
2332 2459 2406 2524 P.

391 2546 751 2611 Autronius
799 2550 865 2611 et
909 2544 981 2609 P.
1029 2543 1212 2611 Sulla
1257 2546 1582 2630 designati
1628 2547 1924 2611 consules
1968 2547 2225 2632 legibus
2274 2569 2408 2611 am·

318 2648 353 2696 3
391 2634 569 2697 bitus
623 2633 1012 2717 interrogati
1065 2654 1305 2716 poenas
1363 2634 1686 2698 dederant.
1775 2638 1928 2718 post
1980 2635 2176 2718 paulo
2229 2634 2408 2700 Cati-

391 2721 527 2784 lina
586 2720 1005 2804 pecuniarum
1068 2720 1569 2803 repetundarum
1631 2743 1777 2786 reus
1834 2723 2206 2806 prohibitus
2261 2729 2406 2788 erat

392 2808 800 2872 consulatum
843 2812 1082 2891 petere,
1129 2809 1301 2890 quod
1336 2809 1512 2873 intra
1545 2810 1895 2895 legitumos
1933 2811 2069 2874 dies
2105 2811 2403 2894 profiteri

326 2911 355 2959 4
389 2895 698 2978 nequivit.
797 2899 938 2960 erat
991 2895 1215 2959 eodem
1265 2901 1556 2982 tempore
1612 2895 1726 2962 Cn.
1780 2896 1962 2981 Piso,
2026 2899 2402 2964 adulescens

389 2983 657 3067 nobilis,
713 3005 1003 3047 summae
1058 2984 1389 3069 audaciae,
1443 3007 1639 3071 egens
1685 2949 2027 3070 factiosus,
2082 3007 2275 3069 quem
2321 2988 2400 3051 ad

389 3072 893 3155 perturbandam
938 3093 1077 3136 rem
1120 3072 1449 3155 publicam
1493 3073 1714 3157 inopia
1759 3077 1954 3157 atque
1992 3075 2148 3138 mali
2184 3097 2398 3140 mores

321 3175 353 3223 5
392 3159 838 3224 stimulabant.
930 3181 1077 3224 cum
1120 3159 1246 3225 hoc
1293 3159 1576 3226 Catilina
1621 3165 1687 3225 et
1732 3161 2093 3226 Autronius
2141 3163 2400 3228 circiter

388 3268 594 3312 nonas
649 3246 1027 3312 Decembris
1094 3249 1364 3314 consilio
1427 3249 1899 3315 communicato
1953 3251 2277 3333 parabant
2330 3252 2400 3314 in

391 3333 716 3418 Capitolio
762 3335 1056 3399 kalendis
1101 3335 1419 3401 Ianuariis
1466 3336 1538 3401 L.
1585 3336 1849 3402 Cottam
1895 3342 1962 3402 et
2006 3337 2079 3401 L.
2115 3339 2397 3421 Torqua·

388 3426 531 3486 tum
577 3422 873 3488 consules
918 3424 1297 3507 interficere,
1343 3426 1471 3508 ipsi
1516 3424 1799 3490 fascibus
1855 3426 2171 3509 correptis
2217 3424 2398 3491 Piso-

387 3532 537 3576 nem
566 3532 714 3575 cum
740 3512 1026 3577 exercitu
1053 3512 1135 3576 ad
1162 3512 1543 3596 optinendas
1567 3512 1725 3577 duas
1743 3511 2097 3597 Hispanias
2117 3514 2396 3579 mittere.
