2650 4059
593 252 911 308 SELECTA
944 252 1300 307 VETERUM
1336 251 1796 307 TESTIMONIA.
2094 250 2224 305 XXI

199 407 269 464 at
313 403 422 463 ubi
474 402 721 463 Catonis
784 406 846 462 et
901 402 1178 462 Sallustii
1233 405 1297 462 et
1351 402 1518 460 Tulli
1568 401 1720 461 tuba
1772 401 2058 460 exaudita
2111 404 2221 478 est,

199 493 512 569 trepidant
556 494 618 550 et
660 494 887 567 pavent
931 493 993 550 et
1036 492 1248 567 fugam
1291 491 1523 549 frustra
1565 489 1951 548 meditantur.

337 615 429 674 M.
474 615 810 674 Antonin.
855 616 993 687 imp.
1039 616 1105 673 in
1150 614 1353 672 Front.
1402 630 1487 686 ep.
1531 613 1620 671 II
1657 615 1694 669 1
1737 632 1795 686 Ρ.
1843 616 1962 672 104
2005 631 2118 686 sq..-

200 703 381 762 mitte
416 703 566 761 mihi
603 702 835 777 aliquid
870 702 1033 779 quod
1067 700 1184 761 tibi
1220 701 1680 760 disertissimum
1714 700 2013 778 videatur,
2060 700 2221 776 quod

202 792 432 868 legam,
477 791 578 851 vel
620 793 799 849 tuum
843 793 952 849 aut
996 788 1243 849 Catonis
1288 792 1400 848 aut
1443 787 1742 848 Ciceronis
1788 791 1899 847 aut
1945 788 2218 848 Sallustii

204 883 318 939 aut
364 877 622 937 Gracchi
664 880 774 937 aut
815 881 1032 955 poetae
1079 877 1338 936 alicuius
1376 920 1393 935 .
1431 922 1445 937 .
1482 922 1496 937 .

339 1001 548 1061 Front.
593 1018 678 1075 ep.
723 1002 803 1060 ad
854 1000 986 1060 Ver.
1030 1003 1168 1073 imp.
1212 1000 1300 1059 II
1345 1003 1376 1058 1
1410 1019 1477 1074 Ρ.
1524 1001 1679 1059 123.-

205 1089 601 1148 Ventidius
655 1089 784 1166 ille,
840 1091 1165 1166 postquam
1219 1087 1475 1147 Parthos
1521 1082 1684 1147 fudit
1724 1088 2084 1165 fugavitque
2130 1084 2222 1162 [a.

207 1180 332 1236 716
378 1202 462 1224 =
508 1174 640 1254 38],
686 1177 765 1235 ad
807 1176 1122 1237 victoriam
1166 1195 1341 1235 suam
1383 1175 1846 1253 praedicandam
1893 1176 2226 1236 orationem

209 1284 248 1323 a
292 1263 357 1324 O.
396 1264 686 1324 Sallustio
729 1267 1048 1323 mutuatus
1092 1267 1200 1323 est.

344 1389 435 1447 id.
481 1406 567 1461 ep.
613 1389 693 1447 ad
734 1385 1010 1446 Antonin.
1056 1390 1194 1461 imp.
1240 1388 1327 1446 II
1364 1389 1404 1446 6
1437 1404 1504 1459 Ρ.
1550 1388 1671 1444 107
1716 1385 2077 1445 Sallustium
2123 1406 2225 1445 an-

209 1476 452 1535 tithetis
508 1475 758 1534 honeste
813 1475 1161 1551 compositis
1214 1493 1397 1533 usum
1449 1476 1608 1533 docet
1643 1520 1655 1531 .
1697 1519 1745 1551 .‚
1805 1475 2226 1550 paronomasia

213 1564 401 1624 etiam
434 1582 556 1623 non
600 1562 862 1622 absurda
905 1581 1015 1622 nec
1060 1563 1297 1640 frivola,
1345 1561 1451 1622 sed
1493 1561 1685 1638 proba
1729 1564 1791 1621 et
1838 1563 2119 1640 eleganti.

351 1686 523 1747 Gall.
567 1686 675 1746 IV
713 1686 812 1754 15,
857 1689 925 1744 1.·

213 1775 519 1851 elegantia
564 1774 853 1833 orationis
898 1773 1177 1833 Sallustii
1218 1773 1660 1850 verborumque
1704 1772 1970 1850 fingendi
2016 1775 2078 1831 et
2121 1792 2225 1833 no-

212 1863 400 1924 vandi
443 1862 714 1922 studium
758 1881 895 1921 cum
937 1863 1134 1921 multa
1176 1880 1422 1938 prorsus
1467 1861 1696 1921 invidia
1741 1861 1877 1938 fuit,
1923 1861 2224 1937 multique

212 1970 336 2010 non
380 1951 665 2010 mediocri
716 1949 959 2027 ingenio
1012 1949 1130 2010 viri
1182 1949 1383 2008 conati
1438 1951 1580 2008 sunt
1622 1949 2052 2024 reprehendere
2097 1949 2226 2025 ple-

214 2058 405 2114 raque
434 2043 496 2098 et
522 2039 873 2118 obtrectare.
961 2038 1026 2096 in
1071 2037 1291 2114 quibus
1325 2037 1505 2113 plura
1548 2037 1764 2095 inscite
1810 2039 1920 2096 aut
1963 2037 2226 2113 maligne

215 2127 519 2188 vellicant.
607 2126 900 2185 nonnulla
959 2128 1164 2184 tamen
1224 2125 1418 2185 videri
1480 2129 1735 2201 possunt
1796 2144 1919 2183 non
1980 2125 2229 2201 indigna

216 2214 688 2291 reprehensione.

350 2338 440 2398 id.
484 2338 532 2395 Ι
568 2337 666 2404 15,
711 2338 792 2396 18
833 2336 1213 2395 Valerium
1256 2335 1592 2410 Probum,
1638 2336 2098 2413 grammaticum
2141 2336 2228 2393 in-

218 2428 475 2485 lustrem
519 2422 598 2499 [c.
645 2443 782 2484 ann.
826 2427 947 2485 809
995 2449 1076 2469 =
1125 2421 1239 2498 56]
1283 2429 1536 2483 secutus:
1574 2469 1589 2482 .
1627 2467 1642 2482 .
1698 2423 1978 2482 novatori
2020 2423 2230 2483 verbo·

218 2532 363 2574 rum
409 2512 699 2572 Sallustio
739 2559 752 2571 .
788 2558 802 2572 .
844 2558 857 2571 .

223 2636 560 2784 Salligtiuxs
590 2639 845 2802 ἕιὲοὲιίιὶέ),
888 2723 1328 2800 proprietatum
1371 2723 1436 2781 in
1471 2722 1669 2783 verbis
1710 2721 2233 2799 retinentissimuS‚

224 2811 646 2872 consuetudini
690 2812 985 2872 concessit
1022 2858 1035 2870 .
1075 2857 1088 2870 .
1128 2857 1140 2870 .

357 2936 552 2994 Flav.
612 2933 774 3009 Vop.
818 2933 1117 2993 Satur-nin.
1158 2931 1213 3001 6,
1261 2935 1331 2992 3:

228 3069 240 3081 .
281 3070 293 3082 .
331 3041 468 3081 cum
513 3026 576 3081 et
626 3021 836 3082 Livius
892 3025 955 3080 et
1000 3022 1326 3081 Sallustius
1379 3023 1624 3081 taceant
1675 3039 1771 3080 res
1815 3020 1980 3081 leves
2027 3021 2098 3079 de
2143 3021 2235 3094 iis,

228 3130 485 3187 quorum
526 3110 720 3170 vitam
763 3110 1163 3186 arripuerunt.

359 3252 445 3310 id.
490 3250 658 3309 Prob.
704 3253 766 3327 2,
796 3253 880 3308 7.-

230 3426 309 3485 tis
337 3338 678 3438 SallustiOS,
722 3338 945 3415 LivioS‚
992 3338 1250 3414 Tanites,
1296 3338 1526 3414 Tr0gos
1572 3340 1756 3413 atque
1803 3354 2008 3393 omnes
2054 3336 2237 3395 diser-

311 3444 491 3485 simos
531 3471 543 3484 .
582 3469 598 3483 .
638 3472 650 3485 .
1863 3439 1868 3444 ·

362 3567 556 3626 Lact.
600 3568 731 3626 inst.
784 3568 898 3626 div.
943 3566 1031 3625 II
1069 3567 1152 3625 12
1184 3584 1250 3639 Ρ.
1298 3568 1417 3625 101
1461 3566 1769 3626 ,Ε’νίὒιεώ..·
