2650 4059
378 234 465 300 90
1029 233 1086 289 0.
1126 233 1469 289 SALLUSTI
1505 232 1737 289 CRISPI

270 381 354 446 68
507 379 812 445 Metellus
849 383 1199 464 postquam
1244 380 1321 444 de
1368 380 1558 444 rebus
1598 377 1823 464 Vagae
1860 379 2024 443 actis
2081 378 2402 463 conperit,

375 469 706 553 paulisper
750 470 1037 532 maestus
1084 488 1162 531 ex
1208 472 1561 552 conspectu
1607 467 1764 532 abit.
1854 467 2080 531 deinde
2135 468 2252 531 ubi
2297 468 2404 531 ira

376 561 444 622 et
489 556 825 642 aegritudo
871 555 1194 639 permixta
1239 559 1410 639 sunt,
1456 576 1603 633 cum
1641 576 1943 619 maxuma
1987 577 2143 620 cura
2176 555 2400 619 ultum

306 654 337 701 2
376 646 471 709 ire
527 643 798 709 iniurias
853 642 1139 708 festinat.
1228 642 1580 728 legionem,
1639 657 1787 708 cum
1852 664 1980 726 qua
2039 642 2403 726 hiemabat,

377 737 444 798 et
507 754 702 817 quam
762 731 1099 816 plurumos
1163 732 1384 815 potest
1444 729 1762 796 Numidas
1828 731 2080 814 equites
2142 730 2403 814 pariter

377 843 524 887 cum
570 841 801 886 occasu
846 818 1004 884 solis
1050 818 1384 902 expeditos
1430 818 1644 883 educit
1705 822 1774 883 et
1817 822 2083 903 postera
2127 819 2230 887 die
2277 819 2405 884 cir-

377 910 539 975 citer
557 959 564 966 .,
582 908 746 973 hora
791 906 988 971 tertia
1031 906 1325 990 pervenit
1370 906 1440 969 in
1476 907 1799 991 quandam
1844 906 2186 990 planitiem
2229 907 2402 972 locis

306 1008 338 1055 3
376 997 571 1081 paulo
623 994 1064 1078 superioribus
1121 994 1642 1059 circumventam.
1733 994 1826 1059 ibi
1884 995 2127 1059 milites
2182 994 2401 1059 fessos

375 1083 630 1149 itineris
677 1081 1123 1167 magnitudine
1159 1086 1226 1146 et
1253 1082 1386 1145 iam
1423 1082 1766 1147 abnuentis
1805 1082 2024 1147 omnia
2059 1082 2249 1147 docet
2285 1104 2402 1166 op·
2448 1081 2452 1085 ’

375 1172 599 1256 pidum
627 1169 883 1255 Vagam
926 1191 1059 1235 non
1104 1169 1384 1253 amplius
1423 1169 1603 1234 mille
1641 1191 1950 1254 passuum
1988 1170 2241 1254 abesse,
2290 1171 2403 1235 de-

378 1281 518 1325 cere
583 1259 732 1336 illos
797 1258 1066 1323 relicum
1128 1258 1420 1323 laborem
1475 1278 1680 1342 aequo
1719 1259 1952 1322 animo
2006 1257 2175 1342 pati,
2238 1259 2423 1322 dum'

375 1369 495 1431 pro
542 1346 791 1412 civibus
837 1346 1001 1431 suis,
1054 1345 1212 1410 viris
1267 1344 1668 1410 fortissumis
1725 1349 1921 1431 atque
1970 1346 2398 1429 miserrumis,

375 1457 616 1520 poenas
663 1439 991 1519 caperent3
1044 1437 1383 1518 praeterea
1417 1434 1723 1518 praedam
1754 1434 2037 1519 benigne
2083 1437 2398 1499 ostentat.

306 1534 340 1581 4
377 1524 472 1589 sic
516 1523 751 1588 animis
799 1541 1023 1588 eorum
1079 1521 1357 1586 adrectis
1411 1522 1666 1605 equites
1710 1522 1781 1587 in
1824 1522 2037 1605 primo
2062 1521 2242 1604 Q,
2288 1544 2399 1605 pe-

376 1612 543 1676 dites
609 1632 804 1694 quam
859 1609 1204 1674 artissume
1259 1609 1355 1673 ire
1420 1613 1487 1673 et
1549 1610 1751 1693 signa
1802 1610 2126 1674 occultare
2190 1609 2398 1673 iubet.

35 1707 206 1808 fga
270 1697 322 1772 6,
376 1697 713 1784 Vagenses
771 1696 887 1761 ubi
932 1696 1222 1761 animum
1277 1696 1615 1761 advortere
1670 1698 1752 1762 ad
1797 1718 1865 1761 se
1910 1718 2176 1761 vorsum
2220 1718 2399 1762 exer-

345 1787 580 1860 ¹citum
615 1804 902 1869 pergere,
945 1784 1176 1869 primO,
1221 1785 1323 1849 uti
1354 1789 1503 1849 erat
1538 1807 1659 1868 res,
1700 1784 2040 1849 Metellum
2076 1807 2217 1849 esse
2264 1786 2398 1850 rati

375 1877 601 1959 portas
665 1873 983 1957 clausere,
1048 1872 1273 1937 deinde
1346 1872 1460 1937 ubi
1512 1894 1720 1956 neque
1776 1893 1970 1973 agros
2025 1874 2271 1937 vastari
2326 1879 2398 1938 et

375 1983 505 2045 eos,
551 1961 662 2045 qui
707 1960 902 2044 primi
949 1960 1242 2044 aderant,
1288 1959 1607 2025 Numidas
1653 1961 1906 2045 equites
1953 1961 2201 2045 vident,
2257 1984 2398 2026 rur·

378 2071 522 2114 sum
579 2048 968 2134 Iugurtham
1022 2048 1328 2112 arbitrati
1397 2070 1543 2113 cum
1612 2069 1850 2134 magno
1915 2049 2152 2136 gaudio
2218 2050 2393 2117 obvii

304 2150 338 2199 2
375 2137 749 2221 procedunt.
821 2137 1072 2221 equites
1117 2129 1494 2220 peditesque
1540 2141 1805 2221 repente
1851 2137 2040 2223 signo
2087 2137 2241 2203 dato
2280 2138 2397 2203 alii

369 2205 636 2311 volgpffn
681 2224 956 2289 effusum
1001 2225 1239 2309 oppido
1287 2224 1577 2307 caedere,
1642 2225 1755 2289 alii
1809 2226 1891 2290 ad
1935 2229 2160 2310 portas
2206 2225 2395 2291 festi·
2406 2244 2417 2252 ·

375 2334 548 2397 nare,
591 2334 743 2397 pars
790 2313 989 2377 turris
1037 2334 1293 2396 capere:
1350 2313 1449 2377 ira
1505 2317 1700 2396 atque
1746 2314 2020 2397 praedae
2067 2335 2215 2398 spes
2263 2336 2400 2379 am-

305 2409 337 2457 3
376 2401 547 2485 plius
586 2422 781 2485 quam
816 2400 1133 2465 lassitudo
1161 2422 1370 2485 posse.
1424 2401 1523 2464 ita
1540 2400 1877 2486 Vagenses
1905 2401 2171 2466 biduom
2200 2403 2399 2466 modo

377 2511 455 2554 ex
507 2489 776 2573 perfidia
829 2489 1085 2553 laetati:
1141 2488 1371 2553 civitas
1430 2508 1666 2574 magna
1720 2494 1787 2553 et
1841 2490 2111 2573 opulens
2158 2495 2400 2555 cuncta

42 2648 48 2654 ,
305 2586 339 2633 4
374 2598 619 2662 poenae
666 2580 780 2640 aut
824 2576 1098 2659 praedae
1144 2575 1288 2639 fuit.
1353 2575 1705 2661 Turpilius,
1752 2598 1944 2661 quem
1989 2574 2398 2660 praefectum

42 2665 598 2914 ff&
633 2683 1110 2824 εᾞξῑῑοᾝ
1095 2663 1298 2826 ¹:132
1322 2664 1944 2837 {riszam
1970 2666 2399 2853 {mm

184 2834 346 2893 Q
377 2843 719 2925 expurgat,
779 2838 1277 2903 condemnatus
1298 2841 1722 2924 verberatusq
1830 2841 2080 2924 capite
2143 2863 2394 2924 poenas

376 2927 601 3011 solvit3
643 2947 797 2991 nam
842 2926 899 2990 is
946 2926 1105 2991 civis
1153 2948 1231 2991 ex
1276 2926 1470 2992 Latio
1517 2933 1675 2993 erat.

273 3011 356 3075 ’ΖΟ
551 3013 678 3082 Per
739 3014 912 3079 idem
976 3018 1233 3099 tempus
1297 3015 1655 3100 Bomilcar,
1719 3017 1899 3081 cuius
1959 3016 2225 3101 inpulsu
2289 3016 2393 3083 Iu-

376 3101 618 3189 gurtha
653 3101 1065 3203 deditionem,
1112 3125 1308 3187 quam
1345 3108 1525 3169 metu
1561 3102 1865 3188 deseruit,
1902 3105 2251 3189 inceperat,
2290 3127 2393 3170 su-

352 3194 637 3274 spectus
683 3189 823 3274 regi
868 3193 936 3254 et
980 3190 1119 3273 ipse
1167 3212 1315 3256 eum
1353 3192 1710 3277 suspiciens
1755 3215 1956 3258 novas
1994 3214 2099 3257 res
2138 3214 2393 3278 cupere,

375 3278 456 3341 ad
500 3276 848 3378 perniciem
897 3278 1035 3343 eius
1082 3278 1304 3343 dolum
1341 3299 1676 3364 quaerere,
1723 3281 1826 3346 die
1870 3284 2198 3382 noctuque
2245 3280 2395 3346 fati

303 3379 336 3427 2
375 3374 531 3451 gare
577 3365 880 3430 animum.
946 3366 1219 3450 denique
1275 3367 1495 3432 omnia
1540 3369 1920 3453 temptando
1969 3369 2218 3434 socium
2267 3369 2395 3434 sibi

375 3452 672 3538 adiungit
701 3451 1122 3538 Nabdalsam,
1157 3454 1489 3519 hominem
1516 3457 1825 3540 nobilem,
1853 3456 2109 3542 magnis
2139 3457 2397 3541 opibus,

376 3541 622 3605 clarum
668 3546 1130 3627 acceptumque
1177 3542 1599 3627 popularibus
1648 3544 1809 3628 suis,
1857 3545 1968 3629 qui
2012 3545 2397 3629 plerumque
