2650 4059
392 1040 1244 1125 DISCREPANTIA
1304 1038 1762 1123 PRIORIS
1820 1039 2419 1124 EDITIONIS

932 1179 1869 1265 TEUBNERIANAE.

535 1335 758 1390 Bellum
793 1334 1072 1391 Catilinae
1110 1336 1202 1405 (cf.
1231 1334 1536 1402 Woelfflin.
1574 1334 1775 1388 Philol.
1805 1334 1870 1388 X
1877 1334 2003 1389 VH
2022 1336 2151 1405 520)
2243 1335 2423 1390 Liber

395 1424 466 1479 de
511 1422 790 1478 Catilinae
836 1421 1222 1478 coniuratione
1366 1427 1417 1490 3,
1455 1427 1487 1474 2
1540 1423 1825 1474 auctorem
1860 1422 1977 1478 cod.
2013 1423 2070 1477 P
2100 1424 2192 1492 (-—=
2226 1423 2417 1480 Pasti-3.

395 1511 547 1569 Sorb.
582 1529 638 1567 n.
677 1513 811 1581 500)
854 1512 960 1567 alii
1002 1514 1022 1580 u
1065 1513 1312 1565 actorem
1427 1517 1478 1578 3,
1506 1514 1539 1563 5
1585 1509 1784 1564 eadem
1820 1525 1933 1578 qua
1968 1510 2020 1564 I.
2060 1510 2134 1565 F.
2176 1509 2415 1568 Gronov.

397 1601 571 1669 (codd.
591 1600 788 1670 pauci)
815 1602 835 1669 ΙΙ
861 1599 1060 1653 eadem
1087 1598 1462 1667 eademque
1490 1614 1635 1667 quae
1724 1601 1777 1666 5,
1798 1603 1826 1651 1
1856 1596 2179 1667 natum-fuit
2200 1599 2220 1665 ΙΙ
2243 1601 2420 1653 natus

395 1685 522 1755 fuit,
596 1693 646 1754 6,
675 1694 707 1741 2
744 1685 1080 1741 coaluerint:
1116 1684 1202 1740 ita
1236 1684 1398 1741 brevi
1431 1685 1736 1740 multitudo
1765 1685 2022 1755 dispersa
2056 1688 2229 1754 atque
2262 1703 2415 1756 vaga

396 1772 692 1827 concordia
709 1770 910 1828 civitas
927 1773 1083 1828 facta
1100 1775 1238 1828 erat.
1278 1773 1378 1827 sed
1397 1774 1551 1829 codd.
1564 1775 1758 1843 pauci,
1773 1773 2070 1845 Λαμπετίη
2100 1791 2182 1844 ep.
2197 1777 2328 1843 138,
2343 1775 2419 1846 91?

397 1860 722 1916 coaluerint.
774 1860 874 1916 Set
943 1866 992 1931 8,
1011 1866 1047 1915 4
1084 1860 1183 1930 qui
1219 1877 1287 1915 ea
1322 1860 1504 1916 fecere
1532 1862 1588 1916 P
1610 1862 1859 1932 plerique
1884 1865 1904 1931 ll
1932 1860 2031 1930 qui
2055 1860 2236 1915 fecere
2308 1866 2358 1930 8,
2377 1868 2415 1915 4

398 1951 671 2017 quantum
688 1964 758 2003 ea
774 1950 831 2004 P
844 1950 1091 2019 plerique
1116 1952 1136 2018 ΙΙ
1164 1950 1440 2017 quantum
1458 1964 1584 2003 eam
1629 1955 1679 2017 9,
1700 1954 1733 2002 5
1751 1947 2026 2003 benificiis
2045 1964 2215 2016 quam
2234 1950 2290 2004 P
2303 1950 2377 2004 al.
2395 1951 2417 2023 ΙΙ

394 2035 668 2090 benificiis
680 2035 864 2105 magis
879 2052 1050 2105 quam
1088 2029 1172 2104 10,
1190 2042 1223 2089 3
1241 2036 1423 2105 primo
1441 2035 1658 2106 imperi,
1673 2036 1945 2105 pecuniae
1965 2035 2168 2089 deinde
2185 2038 2385 2106 scripsi
2394 2038 2416 2111 ΙΙ

393 2122 575 2193 primo
612 2123 901 2193 pecuniae,
939 2123 1142 2178 deinde
1177 2122 1380 2193 imperi
1472 2129 1555 2192 14,
1579 2127 1613 2178 5
1649 2122 1847 2178 molles
1884 2122 2059 2177 etiam
2093 2124 2150 2177 P
2170 2125 2189 2193 ss
2214 2124 2414 2179 molles

397 2212 636 2283 [aetate]
729 2217 813 2281 15,
842 2217 875 2266 2
913 2211 1111 2265 adulta
1137 2212 1194 2266 P
1223 2213 1295 2267 al.
1323 2214 1345 2280 ΙΙ
1370 2211 1629 2266 adultum
1719 2216 1804 2280 15,
1832 2217 1866 2265 3
1901 2210 2121 2265 facinus
2154 2212 2210 2265 P
2231 2217 2251 2281 u
2276 2213 2412 2267 faci-

393 2297 547 2353 noris
638 2304 728 2368 1⁷,
751 2306 778 2355 1
807 2299 868 2355 L.
889 2298 1127 2354 Caesare
1155 2301 1215 2354 et
1239 2301 1395 2356 codd.
1422 2302 1442 2369 ΙΙ
1467 2300 1528 2355 L.
1547 2299 1785 2355 Caesare
1812 2301 1920 2373 [et]
2006 2305 2090 2369 18,
2110 2306 2143 2355 2
2169 2299 2230 2355 L.
2249 2301 2415 2356 Tullo

396 2390 455 2442 et
489 2389 641 2444 codd.
669 2388 689 2457 ΙΙ
713 2387 772 2443 L.
812 2387 976 2442 Tullo
1015 2388 1120 2460 [et]
1238 2393 1317 2457 18,
1349 2395 1393 2443 3
1420 2390 1571 2458 quod.
1606 2388 1759 2444 intra
1792 2390 2093 2459 legitumos
2130 2388 2252 2443 dies
2285 2406 2416 2460 pro·

393 2475 542 2530 fiteri
583 2474 840 2544 nequivit
883 2474 1222 2546 (nequiverit
1263 2477 1320 2531 P
1361 2478 1639 2547 plerique,
1690 2476 2022 2546 nequiverat
2065 2478 2162 2546 al.)
2206 2480 2358 2533 codd.
2392 2479 2414 2551 H

395 2563 570 2635 [quod
607 2594 676 2636 -,-
711 2562 1051 2634 nequiverit]
1144 2567 1228 2631 18,
1251 2569 1283 2617 6
1321 2578 1392 2617 ea
1426 2579 1487 2617 re
1522 2565 1676 2619 codd.
1704 2566 1724 2631 ΙΙ
1751 2564 1782 2596 *
1802 2566 1878 2599 **
1896 2562 1925 2595 *
1944 2566 1975 2598 *
2004 2563 2090 2638 Ea
2124 2579 2184 2617 re
2279 2570 2358 2633 19,
2378 2573 2414 2620 3

391 2651 453 2705 in
489 2650 736 2706 exercitu
762 2651 999 2721 plurimi
1034 2650 1186 2704 codd.
1223 2652 1242 2718 11
1279 2648 1401 2703 sine
1437 2649 1684 2704 exercitu
1775 2655 1859 2719 19,
1888 2657 1921 2705 3
1959 2651 2258 2721 ductabat,
2303 2651 2415 2707 iter

392 2738 606 2794 faciens
632 2741 652 2808 ΙΙ
679 2737 955 2792 ductabat
988 2736 1100 2791 iter
1133 2736 1367 2805 faciens,
1442 2742 1527 2805 20,
1548 2742 1581 2791 9
1619 2753 1652 2791 o
1679 2736 1994 2791 fortissumi
2018 2738 2075 2792 P
2090 2739 2145 2795 V
2165 2741 2257 2808 (-—-
2285 2740 2408 2794 Vat.

393 2831 559 2895 3864)
607 2827 679 2881 al.
725 2829 745 2895 ss
788 2824 1102 2879 fortissumi
1213 2829 1298 2891 20,
1340 2830 1402 2878 11
1452 2825 1757 2879 extruendo
1802 2827 1956 2881 codd.
2065 2828 2410 2883 extrudendo

391 2920 477 2983 22,
508 2919 536 2966 1
576 2911 880 2967 Catilinam
916 2910 1168 2972 oratione
1203 2910 1430 2980 habita,
1468 2928 1594 2966 cum
1619 2915 1638 2980 ΙΙ
1665 2910 1984 2980 Catilinam,
2022 2913 2274 2969 oratione
2310 2915 2408 2968 ha-

389 3001 515 3056 bita
549 3017 676 3055 cum
747 3005 833 3068 22,
863 3005 896 3053 2
934 3000 1105 3066 atque
1142 3013 1208 3052 eo
1245 2997 1510 3052 dictitare
1544 2997 1747 3053 fecisse
1781 3000 1935 3055 codd.
1963 3002 1983 3069 ιΙ
2010 3001 2207 3071 [atque
2235 3031 2303 3040 —
2328 3000 2405 3054 fe-

392 3090 557 3162 cisse]
647 3093 733 3158 25,
763 3094 796 3143 2
832 3087 953 3142 viro
990 3090 1161 3154 atque
1197 3085 1390 3140 liberis
1426 3087 1483 3141 P
1505 3088 1753 3157 plerique
1778 3089 1797 3156 ΙΙ
1822 3086 1942 3141 viro
1978 3086 2171 3141 liberis
2261 3092 2344 3154 25,
2371 3093 2406 3140 2

388 3177 632 3246 psallere
648 3233 651 3234 ⁷
669 3179 730 3231 et
763 3176 915 3253 codd.
943 3177 963 3245 fl
997 3172 1240 3242 psallere
1276 3176 1401 3242 (om.
1439 3176 1518 3243 et)
1608 3177 1695 3241 25,
1724 3180 1757 3227 3
1793 3172 1988 3228 lubido
2023 3175 2080 3229 P
2110 3174 2182 3228 al.
2210 3176 2231 3243 n
2263 3173 2406 3228 lubi-

389 3264 520 3320 dine
610 3270 695 3332 26,
733 3268 766 3317 5
813 3259 1136 3316 consulibus
1181 3262 1335 3318 codd.
1383 3264 1575 3332 optimi
1609 3264 1628 3332 u
1666 3260 2039 3334 [consulibus]
2124 3267 2211 3331 27,
2239 3268 2272 3316 3
2308 3278 2403 3331 per

388 3355 540 3409 codd.
568 3355 588 3423 ss
613 3367 785 3423 penes
857 3354 943 3418 28,
972 3354 1000 3402 1
1040 3347 1360 3404 hominibus
1398 3348 1568 3405 sicuti
1603 3351 1759 3407 codd.
1784 3355 1804 3420 [1
1829 3349 2151 3405 hominibus
2178 3351 2209 3384 '¹‘
2229 3350 2260 3384 *
2277 3350 2309 3385 *
2326 3350 2356 3383 ³⁸²
2373 3348 2424 3384 *³

389 3439 557 3494 sicuti
663 3445 749 3506 28,
780 3444 808 3491 1
858 3437 1012 3491 domi
1046 3439 1103 3492 P
1144 3439 1234 3508 (ex
1277 3437 1470 3509 domu)
1507 3440 1641 3496 Par.
1682 3443 1829 3494 1576
1864 3439 1953 3508 (ex
1988 3438 2202 3509 domui)
2238 3439 2402 3510 pleri·

386 3544 489 3598 que
513 3530 533 3596 ss
559 3525 751 3580 domui
783 3528 952 3596 pauci
986 3527 1139 3582 codd.
1212 3532 1298 3596 28,
1322 3532 1355 3580 2
1390 3527 1703 3597 periculum
1729 3528 1786 3582 P
1817 3528 1890 3584 al.
1917 3529 1937 3597 ΙΙ
1961 3527 2200 3598 periculi
2270 3533 2396 3595 29,1
