2650 4059
704 240 999 296 BELLUM
1036 240 1420 296 CATILINAE
1459 258 1505 296 c.
1548 247 1771 296 13-17.
2211 244 2251 309 9

225 409 432 470 quam
489 386 663 470 quod
718 386 1018 469 cuiquam
1064 385 1130 449 id
1178 387 1558 467 conpertum
1615 385 1809 469 foret,
1864 386 2024 452 haec
2079 388 2253 453 fama

227 476 516 540 valebat.

365 562 510 627 Iam
575 561 858 645 primum
924 561 1297 626 adulescens
1365 559 1647 626 Catilina
1712 563 1920 626 multa
1975 563 2253 628 nefanda
2277 573 2359 637 15

228 656 466 733 stupra
492 647 754 733 fecerat,
782 671 930 714 cum
948 649 1199 734 virgine
1217 649 1444 733 nobili,
1473 670 1619 713 cum
1639 650 1971 716 sacerdote
1992 650 2251 736 Vestae,

229 739 364 802 alia
400 738 670 803 huiusce
707 738 884 801 modi
922 741 1150 802 contra
1187 738 1287 801 ius
1324 736 1599 820 fasque.
1652 742 1984 821 postremo
2024 743 2251 822 captus
2289 751 2322 798 2

229 848 456 890 amore
502 824 806 889 Aureliae
847 824 1212 909 Orestillae,
1260 825 1442 888 cuius
1479 828 1739 908 praeter
1773 825 2051 891 formam
2085 827 2251 890 nihil

228 935 544 997 umquam
582 913 791 977 bonus
828 913 1135 996 laudavit,
1173 913 1347 996 quod
1384 934 1460 976 ea
1494 913 1737 977 nubere
1773 914 1872 977 illi
1907 915 2252 979 dubitabat

228 1003 474 1066 timens
514 1001 886 1085 privignum
925 1001 1147 1064 adulta
1183 1004 1416 1084 aetate,
1456 1023 1574 1084 pro
1614 1005 1790 1067 certo
1830 1002 2113 1066 creditur
2146 1024 2253 1076 nef

231 1094 382 1155 cato
460 1089 598 1153 filio
667 1110 937 1153 vacuam
1001 1089 1263 1152 domum
1328 1088 1620 1152 scelestis
1682 1090 1931 1172 nuptiis
2002 1088 2252 1155 fecisse.

229 1200 399 1261 quae
448 1176 709 1260 quidem
756 1198 858 1241 res
905 1176 1066 1239 mihi
1111 1177 1182 1240 in
1224 1176 1454 1259 primis
1501 1177 1757 1241 videtur
1813 1199 2007 1242 causa
2051 1178 2252 1242 fuisse
2290 1193 2322 1241 3

228 1265 488 1330 facinus
545 1264 931 1328 maturandi.
1019 1285 1299 1346 namque
1348 1264 1600 1327 animus
1646 1265 1945 1349 inpurus,
1997 1265 2097 1329 dis
2142 1266 2254 1330 ho·
2290 1280 2325 1327 4

230 1354 650 1435 minibusque
696 1351 973 1416 infestus
1018 1373 1228 1434 neque
1265 1351 1511 1436 vig-iliis
1547 1373 1755 1434 neque
1794 1352 2121 1435 quietibus
2161 1375 2254 1417 se-

229 1441 375 1505 dari
411 1443 700 1524 poterat:
737 1439 834 1503 ita
870 1440 1267 1504 conscientia
1303 1443 1592 1504 mentem
1629 1439 1906 1503 excitam
1933 1441 2251 1505 vastabat.

226 1530 440 1613 igitur
485 1528 666 1593 color
712 1527 771 1591 ei
809 1528 1138 1612 exanguis,
1183 1526 1358 1591 foedi
1396 1527 1585 1611 oculi,
1623 1527 1791 1591 citus
1830 1528 2021 1592 modo
2060 1528 2251 1597 modo
2289 1542 2323 1591 5

227 1617 460 1682 tardus
522 1615 842 1680 incessus:
905 1636 1172 1699 prorsus
1237 1615 1307 1678 in
1368 1614 1533 1679 facie
1590 1615 1899 1698 voltuque
1954 1616 2254 1680 vecordia

226 1706 461 1769 inerat.

368 1790 495 1856 Sed
531 1791 954 1875 iuventutem,
991 1812 1204 1874 quam,
1232 1794 1316 1854 -ut
1354 1812 1550 1874 supra
1586 1790 1881 1874 diximus,
1917 1792 2249 1876 inlexerat,
2277 1796 2359 1859 16

228 1880 460 1944 multis
517 1878 726 1943 modis
783 1879 958 1943 mala
1001 1878 1293 1943 facinora
1339 1878 1667 1943 edocebat.
1758 1900 1835 1942 ex
1879 1879 2013 1943 illis
2061 1880 2251 1944 testis
2289 1893 2321 1942 2

229 1965 2253 2139 ἓζὲιὲἃῖῖἷῗέᾳὲἓιοξῗῗοἶἕὲῧῖἷῗοῖᾶἶὶᾍὲᾱῗῒωξῖξᾞῗὲἰέἰῗ

228 2144 457 2208 (1016111
522 2143 879 2207 adtriverat
887 2105 910 2225 ,⁹
969 2142 1218 2205 maiora
1281 2142 1411 2206 alia
1464 2142 1846 2225 imperabat.
1946 2143 2002 2206 si
2059 2164 2253 2207 causa
2289 2158 2321 2206 3

228 2229 541 2316 peccandi
594 2229 664 2293 in
708 2251 1014 2313 praesens
1062 2230 1276 2294 minus
1323 2229 1740 2314 subpetebat,
1784 2230 1989 2294 nihilo
2038 2231 2250 2295 minus

231 2318 514 2384 insontis
572 2317 767 2382 sicuti
822 2317 1030 2382 sontis
1087 2317 1549 2382 circumvenire
1604 2316 1922 2402 iugulare:
1952 2381 1956 2386 ,
1988 2318 2251 2401 scilicet,

227 2429 312 2471 ne
348 2428 466 2490 per
503 2405 711 2470 otium
748 2409 1190 2488 torpescerent
1226 2426 1457 2469 manus
1496 2408 1610 2468 aut
1646 2404 1918 2488 animus,
1960 2405 2249 2489 gratuito

229 2495 455 2577 potius
501 2493 712 2557 malus
760 2496 955 2576 atque
1003 2492 1277 2557 crudelis
1328 2497 1486 2556 erat.

365 2582 483 2645 Eis
531 2581 756 2645 amicis
804 2580 1124 2664 sociisque
1173 2581 1453 2645 confisus
1494 2579 1795 2664 Catilina,
1842 2580 2035 2645 simul
2079 2581 2251 2664 quod
2287 2595 2321 2643 4

234 2691 343 2733 363
410 2669 693 2733 31161111111
755 2689 872 2752 per
935 2669 1144 2733 omnis
1210 2672 1418 2733 terras
1475 2669 1704 2754 ingens
1760 2673 1903 2733 erat
1958 2673 2025 2732 et
2080 2669 2252 2753 quod

232 2757 525 2841 plerique
565 2755 818 2836 Sullani
855 2756 1116 2840 milites,
1161 2757 1408 2842 largius
1453 2779 1570 2821 suo
1606 2758 1728 2841 usi,
1775 2757 2148 2841 rapinarum
2184 2761 2252 2823 et

233 2845 545 2910 victoriae
600 2845 838 2908 veteris
896 2865 1213 2909 memores
1279 2844 1464 2909 civile
1529 2845 1774 2909 bellum
1837 2846 2250 2929 exoptabant,

235 2931 700 3016 obprimundae
756 2932 851 2996 rei
903 2932 1201 3015 publicae
1258 2932 1604 2997 consilium
1659 2933 1846 3016 cepit.
1937 2933 2008 2997 in
2055 2933 2250 2997 Italia
2273 2951 2307 3001 5

232 3020 472 3084 nullus
524 3018 870 3104 exercitus,
943 3018 1058 3085 Cn.
1112 3018 1463 3104 Pompeius
1536 3020 1603 3084 in
1676 3020 1981 3084 extremis
2056 3021 2248 3084 terris

237 3107 479 3172 bellum
524 3107 821 3192 gerebat3
874 3108 1002 3191 ipsi
1050 3108 1460 3172 consulatum
1506 3108 1753 3191 p‘etenti
1799 3128 2039 3192 magna
2084 3129 2248 3191 spes,

237 3199 499 3259 senatus
553 3194 718 3259 nihil
774 3217 927 3259 33116
973 3195 1295 3260 intentus:
1351 3200 1534 3260 tutae
1580 3194 2098 3278 tranquillaeque
2145 3217 2246 3259 res

238 3305 477 3366 omnes,
524 3283 637 3347 sed
682 3303 758 3346 63
801 3305 1068 3366 prorsus
1116 3288 1484 3367 opportuna
1529 3281 1867 3348 Catilinae.

365 3334 582 3455 Igitur
619 3369 877 3434 circiter
912 3370 1220 3435 kalendas
1259 3371 1480 3435 Iunias
1517 3370 1589 3434 L.
1629 3369 1899 3436 Caesare
1938 3374 2004 3433 et
2041 3369 2109 3436 C.
2147 3371 2352 3437 Fi-17

237 3459 387 3543 gulo
427 3457 801 3523 consulibus
839 3458 1050 3542 primo
1091 3459 1384 3545 singulos
1423 3459 1767 3543 appellare,
1800 3458 2053 3523 hortari
2082 3459 2245 3523 alios

236 3547 399 3611 alios
447 3548 797 3631 temptare3
856 3567 1010 3630 opes
1067 3568 1245 3632 suas,
1299 3548 1664 3631 inparatam
1720 3569 1857 3612 rem
1900 3546 2284 3631 publicam,
