2650 4059
401 236 529 303 126
773 189 778 194 ’
1051 233 1107 293 c.
1148 233 1491 291 sums‘n
1527 229 1773 310 cmsm,

395 382 500 447 bis
545 385 615 446 et
656 385 883 446 vatum
928 373 1323 445 carminibus
1368 400 1597 463 pacem
1642 378 1890 462 optatis
1944 379 2156 465 magis
2217 400 2418 464 quam

398 469 760 553 defenditis,
793 489 1005 553 neque
1041 467 1428 552 intellegitis
1465 466 1749 533 mollitia
1782 466 2190 532 decretorum
2225 467 2419 532 vobis

326 574 362 621 4
397 520 805 643 dignitatem,
835 556 936 620 illi
973 558 1221 620 metum
1256 554 1530 619 detrahi.
1576 559 1771 638 atque
1807 554 1929 619 id
1910 576 2068 639 1ure,
2105 555 2415 638 quoniam

329 840 361 887 5

398 644 1235 816 ἓζθῖἕῆῗῗαίξῖἰὲιῖξῗω
1232 643 1390 815 01331
1405 642 1687 797 831ῗῂΐέ
1687 664 2095 796 ῖῗηέῐὲᾴῗΐέ
2094 665 2421 815 Ῑὲθῖιὲἓὲ,

398 821 582 888 cuius
628 820 981 887 sceleribus
1026 822 1215 884 tauta
1259 818 1551 902 praemia
1594 817 1967 883 tribuistis?
2048 822 2119 883 at
2163 819 2421 884 scilieet

398 907 2421 1061 22⁹a1÷2ffihffiu1222¹⁵¹3ffi¹332333535¹²‘’{fflsszmsss'z‘zffiffi

398 1084 583 1149 risse.
626 1083 827 1149 immo
864 1082 1153 1166 despecti
1190 1086 1258 1148 et
1293 1082 1547 1168 indigni
1582 1045 1652 1147 re
1662 1014 1952 1165 gpublica
1984 1081 2201 1146 habiti
2226 1017 2420 1167 Iprge-

399 1172 517 1237 dae
559 1172 705 1236 loco
751 1173 1219 1255 aestumantur,
1265 1170 1504 1254 quippe
1549 1172 1730 1235 metu
1763 1191 1991 1253 pacem
2025 1173 2421 1255 repetentes,

399 1280 527 1343 quo
572 1258 868 1324 habitam
913 1258 1285 1323 amiserant.

548 1346 871 1431 Equidem
934 1368 975 1411 a
1033 1345 1384 1429 principio,
1449 1367 1596 1412 cum
1657 1345 1995 1411 Etruriam
2058 1346 2421 1431 coniurare,

398 1434 801 1519 proscriptos
848 1434 1116 1518 accersi,
1169 1433 1631 1520 largitionibus
1685 1455 1825 1498 rem
1866 1433 2198 1518 publicam
2252 1435 2422 1499 lace-

398 1524 532 1588 rari
574 1523 892 1608 videbam,
936 1521 1398 1587 maturandum
1441 1522 1758 1605 putabam
1792 1525 1861 1586 et
1887 1520 2106 1588 Catuli
2144 1522 2422 1587 consilia

400 1633 548 1677 cum
607 1610 831 1695 paucis
895 1613 1156 1675 secutus
1221 1630 1384 1674 sum.
1482 1612 1770 1675 ceterum
1831 1608 1958 1695 illi,
2021 1609 2134 1694 qui
2197 1611 2418 1696 gentis

398 1698 718 1764 Aemiliae
764 1698 927 1763 bene
972 1697 1151 1762 facta
1185 1697 1590 1764 extollebant
1636 1701 1704 1762 et
1748 1697 2150 1783 ignoscundo
2184 1699 2421 1783 populi

399 1785 683 1852 Romani
726 1785 1244 1871 magnitudinem
1298 1785 1581 1871 auxisse,
1642 1806 1964 1869 nusquam
2019 1785 2220 1850 etiam
2273 1790 2420 1851 tum

399 1872 718 1958 Lepidum
761 1893 1181 1959 progressum
1226 1872 1516 1959 aiebant,
1575 1895 1724 1939 cum
1775 1873 2033 1957 privata
2066 1895 2263 1939 arma
2308 1875 2420 1939 ob-

397 1962 781 2047 primundae
827 1961 1155 2027 libertatis
1202 1961 1508 2046 cepisset,
1544 1960 1700 2040 ⁸sibi
1763 1961 2035 2045 quisque
2090 1983 2248 2045 opes
2303 1966 2422 2028 aut

400 2050 765 2133 patrocinia
802 2048 1171 2133 quaerundo
1210 2049 1556 2115 consilium
1588 2049 1925 2133 publicum
1961 2054 2419 2134 conruperunt.

402 2141 474 2202 at
529 2140 672 2202 tum
727 2141 869 2202 erat
911 2136 1194 2222 Lepidus
1249 2138 1420 2202 latro
1476 2159 1625 2203 cum
1677 2137 2013 2203 calonibus
2069 2141 2136 2203 et
2189 2139 2418 2222 paucis

403 2225 672 2311 sicariis,
718 2246 994 2310 quorum
1037 2246 1228 2290 nemo
1275 2225 1506 2290 diurna
1549 2225 1842 2290 mercede
1887 2224 2092 2290 vitam
2128 2230 2418 2291 mutave-

400 2314 516 2379 rit.
577 2336 749 2379 nunc
795 2318 898 2378 est
940 2336 1061 2398 pro
1108 2313 1371 2379 consule
1434 2335 1581 2378 cum
1643 2313 1944 2397 imperio,
2005 2335 2139 2378 non
2193 2318 2416 2398 empto

402 2401 514 2468 sed
559 2403 713 2468 dato
760 2424 801 2467 a
842 2402 1058 2486 vobis,
1104 2424 1250 2467 cum
1294 2401 1532 2486 legatis
1579 2400 1789 2467 adhuc
1832 2401 1972 2466 iure
2014 2402 2417 2486 parentibus,

402 2495 470 2556 et
509 2491 596 2556 ad
641 2512 790 2555 eum
834 2511 1214 2557 concurrere
1257 2489 1554 2554 homines
1598 2489 1887 2554 omnium
1925 2490 2225 2555 ordinum
2271 2511 2416 2566 con-

400 2578 803 2679 ruptissumi,
846 2578 1197 2663 flagrantes
1241 2577 1466 2661 inopia
1511 2581 1579 2643 et
1624 2577 2052 2663 cupidinibus,
2097 2578 2416 2643 scelerum

402 2665 798 2731 conscientia
843 2664 1174 2749 exagitati,
1221 2665 1455 2748 quibus
1502 2665 1685 2750 quies
1729 2665 1801 2731 in
1845 2666 2302 2751 seditionibus,
2346 2666 2418 2731 in

400 2774 559 2837 pace
612 2753 843 2817 turbae
889 2755 1059 2816 sunt.
1149 2752 1209 2817 ei
1253 2753 1612 2818 tumultum
1665 2774 1744 2818 ex
1795 2754 2111 2838 tumultu,
2169 2754 2416 2818 bellum

403 2862 481 2905 ex
533 2840 707 2904 bello
763 2843 1012 2923 serunt,
1072 2837 1409 2905 Saturnini
1473 2841 1658 2926 olim,
1718 2845 1875 2925 post
1929 2803 2202 2926 Sulpici,
2266 2842 2417 2907 dein

331 2947 364 2996 8
401 2927 572 2993 Mari
615 2926 1145 3012 Damasippique,
1188 2950 1360 2994 nunc
1404 2927 1635 3013 Lepidi
1680 2929 2016 2995 satellites.
2077 2933 2417 3013 praeterea

331 3387 363 3435 9

400 3016 669 3082 Etruria
721 3018 918 3099 atque
974 3037 1195 3081 omnes
1241 3016 1553 3100 reliquiae
1599 3015 1784 3081 belli
1803 3017 2125 3101 adrectae,
2178 3017 2415 3102 Hispa-

398 3105 545 3169 niae
582 3103 783 3168 armis
827 3103 1165 3189 sollicitae,
1209 3103 1682 3170 Mithridates
1662 3128 1733 3169 ιιι
1763 3106 1966 3170 latere
1993 3105 2416 3192 vectigalium

398 3195 793 3292 nostrorum,
839 3192 1074 3276 quibus
1121 3192 1328 3257 adhuc
1375 3196 1836 3278 sustentamur,
1880 3194 2052 3259 diem
2085 3194 2258 3258 bello
2295 3195 2414 3261 cir-

401 3279 772 3364 cumspicit3
818 3281 977 3364 quin
1009 3283 1270 3363 praeter
1303 3280 1609 3346 idoneum
1645 3282 1874 3347 ducem
1907 3281 2074 3347 nihil
2109 3282 2299 3348 abest
2331 3283 2414 3348 ad

401 3330 918 3434 subvortundum
979 3368 1344 3452 imperium.
1454 3370 1627 3453 quod
1680 3390 1802 3455 ego
1858 3390 1977 3436 vos
2041 3391 2157 3436 oro
2216 3374 2413 3456 atque

403 3457 691 3541 obsecro,
734 3460 953 3540 patres
1000 3455 1381 3541 conscripti,
1432 3461 1510 3520 ut
1554 3457 2092 3523 animadvortatis
2134 3480 2264 3524 neu
2306 3481 2415 3543 pa-

404 3544 660 3609 tiamini
703 3544 1036 3609 licentiam
1081 3544 1398 3609 scelerum
1455 3544 1640 3628 quasi
1692 3544 1941 3609 rabiem
1994 3545 2078 3611 ad
2119 3545 2416 3633 integros
