2650 4059
428 239 515 303 26
1092 238 1148 294 C.
1168 236 1528 299 ,SALLUSTI
1563 236 1794 291 CRISPI

429 387 726 449 senatum
767 383 1089 468 perducit,
1153 383 1439 466 reliquos
1487 404 1633 447 cum
1679 382 2056 446 custodibus
2102 380 2175 447 in
2216 382 2451 448 aedem

358 486 389 533 6
429 471 821 537 Concordiae
867 472 1085 537 venire
1129 471 1330 535 iubet.
1420 492 1496 535 eo
1536 473 1834 535 senatum
1870 469 2143 534 advocat
2179 491 2449 556 magna-

429 582 552 643 que
604 559 972 643 frequentia
1024 559 1160 623 eius
1217 558 1461 623 ordinis
1518 557 1932 623 Volturcium
1996 579 2143 622 cum
2202 559 2446 644 legatis

426 648 807 731 introducit,
860 647 1167 712 Flaccum
1209 649 1581 731 praetorem
1627 645 1936 711 scrinium
1982 667 2130 709 cum
2174 647 2447 728 litteris,

320 735 404 799 47
428 758 587 819 quas
643 758 683 799 a
724 735 961 820 legatis
1007 739 1371 818 acceperat,
1426 734 1654 799 eodem
1699 733 1948 798 adferre
1993 733 2194 798 iubet.
2287 733 2447 799 Vol-

425 823 672 888 turcius
700 822 1140 908 interrogatus
1164 823 1242 887 de
1263 823 1516 903 itinere,
1544 821 1622 886 de
1642 822 1901 904 litteris,
1927 825 2263 904 postremo
2285 822 2447 905 quid

426 915 540 976 aut
586 933 713 995 qua
749 911 825 974 de
865 932 1059 975 causa
1093 910 1322 975 consili
1358 909 1713 992 habuisset,
1758 910 1969 992 primo
2006 909 2253 994 fingere
2291 910 2447 992 alia,

425 998 830 1063 dissimulare
875 998 953 1062 de
1000 997 1471 1081 coniuratione3
1514 1001 1671 1080 post
1713 996 1828 1061 ubi
1872 996 1997 1060 fide
2041 997 2307 1081 publica
2353 998 2447 1061 di—

427 1107 567 1150 cere
595 1086 809 1149 iussus
839 1090 958 1169 est,
1005 1086 1237 1169 omnia,
1274 1086 1374 1149 uti
1410 1089 1599 1170 gesta
1635 1088 1840 1167 erant,
1875 1085 2087 1167 aperit
2123 1085 2445 1168 docetque

424 1194 493 1236 se
546 1172 768 1256 paucis
823 1176 974 1238 ante
1028 1174 1253 1238 diebus
1299 1195 1341 1237 a
1386 1171 1666 1237 Gabinio
1713 1176 1782 1236 et
1827 1171 2141 1256 Caepario
2189 1174 2445 1237 socium

425 1260 745 1324 adscitum
805 1261 970 1325 nihil
1030 1261 1305 1344 amplius
1364 1260 1527 1324 scire
1584 1282 1780 1344 quam
1832 1260 2115 1345 legatOS,
2177 1265 2444 1325 tantum

424 1349 615 1413 modo
672 1348 892 1413 audire
948 1349 1216 1413 solitum
1271 1369 1350 1412 ex
1404 1346 1684 1413 Gabinio
1739 1348 1810 1412 P.
1857 1347 2255 1412 Autronium
2304 1348 2442 1413 Ser.

429 1435 677 1501 Sullam
720 1436 792 1500 L.
840 1436 1338 1521 Vargunteium,
1383 1436 1624 1500 multos
1669 1441 2009 1519 praeterea
2050 1436 2122 1499 in
2166 1458 2243 1500 ea
2294 1458 2445 1502 con-

354 1542 386 1587 2
424 1525 746 1589 iuratione
810 1546 968 1589 esse.
1072 1523 1296 1588 eadem
1362 1522 1535 1586 Galli
1597 1523 1888 1588 fatentur
1952 1545 2027 1589 ac
2088 1523 2444 1588 Lentulum

424 1613 943 1677 dissimulantem
997 1614 1359 1696 coarguunt
1403 1615 1663 1694 praeter
1707 1612 1965 1676 litteras
2012 1612 2445 1694 sermonibuS,

426 1721 587 1782 quos
632 1700 744 1763 ille
789 1699 1029 1763 habere
1084 1699 1316 1763 solitus
1373 1703 1537 1763 erat:
1592 1721 1670 1763 ex
1715 1699 1901 1764 libris
1950 1698 2291 1783 Sibyllinis
2348 1721 2445 1764 re-

424 1807 626 1871 gnum
663 1786 908 1850 Romae
954 1786 1166 1851 tribus
1205 1786 1521 1852 Corneliis
1557 1787 1883 1871 portendi3
1930 1786 2206 1853 Cinnam
2243 1791 2443 1871 atque

427 1873 677 1938 Sullam
721 1879 939 1957 antea,
993 1897 1061 1938 se
1108 1875 1377 1939 tertium
1424 1897 1589 1958 esse,
1636 1876 1739 1939 cui
1784 1875 1994 1939 fatum
2038 1874 2210 1939 foret
2254 1876 2442 1939 urbis

423 1962 651 2046 potiri3
703 1965 1040 2046 praeterea
1077 1964 1160 2027 ab
1198 1963 1460 2029 incenso
1501 1961 1826 2047 Capitolio
1863 1963 2051 2027 illum
2088 1984 2229 2027 esse
2267 1963 2443 2048 vige·

425 2072 684 2113 sumum
738 2071 1003 2133 annum,
1058 2072 1251 2134 quem
1306 2072 1499 2133 saepe
1557 2073 1635 2115 ex
1687 2051 2002 2136 prodigiis
2056 2050 2440 2151 haruspices

352 2155 385 2201 3
424 2137 910 2220 respondissent
965 2138 1135 2203 bello
1191 2139 1366 2203 civili
1422 2142 1759 2203 cruentum
1804 2138 1959 2202 fore.
2050 2138 2254 2224 igitur
2299 2161 2443 2222 per-

424 2226 611 2289 lectis
676 2226 944 2309 litteriS,
1017 2249 1164 2290 cum
1226 2227 1409 2310 prius
1476 2247 1699 2290 omnes
1766 2225 1955 2311 signa
2020 2248 2141 2291 sua
2207 2248 2443 2313 cogno·

424 2313 689 2396 vissent,
735 2319 996 2378 senatus
1034 2315 1340 2397 decernit,
1375 2314 1476 2378 uti
1513 2314 1811 2378 abdicato
1849 2313 2244 2398 magistratu
2280 2314 2444 2379 Len·

425 2402 601 2465 tulus
666 2402 950 2486 itemque
1014 2402 1214 2467 ceteri
1276 2402 1347 2466 in
1409 2401 1633 2465 liberis
1690 2401 2001 2466 custodiis
2055 2402 2440 2467 habeantur.

353 2504 388 2552 4
423 2490 643 2573 itaque
688 2489 1003 2555 Lentulus
1050 2489 1120 2553 P.
1166 2488 1446 2554 Lentulo
1487 2487 1838 2572 Spintheri,
1885 2489 1996 2572 qui
2034 2492 2175 2553 tum
2212 2489 2442 2555 aedilis

425 2582 582 2662 erat,
628 2576 829 2643 Cethe
922 2600 953 2641 s
1001 2577 1074 2653 Q.
1114 2576 1480 2658 CornificiO,
1527 2575 1828 2641 Statilius
1875 2575 1944 2642 C.
1992 2576 2270 2660 Caesari,
2319 2576 2445 2641 Ga-

426 2665 639 2728 binius
686 2664 772 2727 M.
872 2685 1054 2728 asso
1065 2713 1083 2746 ,
1147 2662 1498 2746 Caeparius
1564 2662 1742 2750 (nam
1786 2664 1842 2729 is
1896 2665 2093 2748 paulo
2158 2669 2308 2729 ante
2365 2688 2445 2730 ex

423 2752 583 2837 fuga
635 2755 954 2816 retractus
1012 2748 1179 2835 erat)
1228 2749 1341 2816 Cn.
1379 2751 1682 2817 Terentio
1738 2752 2025 2817 senatori
2080 2753 2444 2818 traduntur.

321 2842 403 2906 48
557 2839 815 2904 Interea
866 2838 1051 2922 plebs
1107 2839 1552 2904 coniuratione
1607 2839 1962 2924 patefacta,
2019 2863 2181 2925 quae
2226 2841 2442 2923 primo

426 2928 658 3010 cupida
719 2949 935 2991 rerum
986 2948 1301 2991 novarum
1354 2928 1549 2991 nimis
1605 2928 1779 2992 bello
1833 2927 2123 3012 favebat,
2187 2932 2444 2993 mutata

426 3019 640 3080 mente
697 3013 1016 3079 Catilinae
1071 3015 1346 3079 consilia
1389 3016 1698 3099 execrari,
1754 3015 2128 3081 Ciceronem
2178 3016 2259 3080 ad
2306 3038 2444 3081 cae-

424 3104 559 3166 lum
607 3102 864 3166 tollere:
908 3102 1113 3166 veluti
1159 3123 1238 3166 ex
1283 3102 1598 3168 servitute
1635 3107 1861 3185 erepta
1897 3104 2207 3188 gaudium
2244 3108 2443 3187 atque

357 3209 387 3254 2
426 3190 747 3268 laetitiam
801 3188 1112 3274 agitabat.
1204 3212 1483 3274 namque
1539 3190 1670 3255 alia
1722 3191 1879 3254 belli
1924 3190 2218 3256 facinora
2262 3214 2430 3275 prae-

425 3280 543 3343 dae
589 3277 798 3362 magis
847 3298 1042 3360 quam
1078 3278 1470 3342 detrimento
1508 3277 1667 3361 fore,
1710 3277 2082 3343 incendium
2117 3300 2271 3345 vero
2306 3302 2444 3344 cru·

423 3366 564 3430 dele
609 3364 1087 3430 inmoderatum
1132 3388 1207 3432 ac
1254 3367 1381 3430 sibi
1428 3387 1725 3430 maxume
1769 3366 2226 3430 calamitosum
2258 3372 2444 3451 puta-

422 3453 555 3537 bat,
594 3454 830 3537 quippe
868 3454 972 3518 cui
1011 3475 1234 3518 omnes
1273 3453 1498 3536 copiae
1534 3454 1605 3517 in
1640 3475 1764 3519 usu
1800 3453 2128 3519 cotidiano
2166 3459 2234 3519 et
2263 3456 2446 3521 cultu

423 3540 715 3624 corporis
763 3546 968 3606 erant.
