2650 4059
452 241 532 304 18
1108 236 1165 295 O.
1205 238 1544 294 SALLUSTI
1580 238 1809 294 ORISPI

377 402 414 450 5
448 387 890 469 interrogatus
938 388 1080 449 erat
1126 384 1209 448 ab
1245 383 1316 447 L.
1347 383 1570 447 Paulo.
1635 387 1968 467 postremo
2014 383 2480 449 dissimulandi

449 495 643 540 causa
671 477 784 537 aut
813 472 915 537 sui
933 471 1350 556 expurgandi,
1378 471 1547 535 sicut
1568 470 1781 556 iurgio
1810 469 2152 535 lacessitus
2182 471 2379 556 foret,
2409 472 2482 536 in

380 577 414 624 8
452 565 748 626 senatum
793 560 987 624 venit.
1077 563 1223 622 tum
1267 557 1355 622 M.
1399 557 1655 622 Tullius
1694 557 1946 640 consul,
1992 559 2126 623 sive
2171 582 2478 643 praesen-

450 650 613 713 tiam
658 648 795 712 eius
842 647 1077 711 timens
1117 646 1252 710 sive
1287 646 1391 710 ira
1428 649 1787 728 conmotus,
1833 645 2196 711 orationem
2235 648 2480 712 habuit

450 737 848 802 luculentam
902 738 1097 817 atque
1151 733 1384 797 utilem
1442 733 1536 797 rei
1588 733 1916 817 publicae,
1981 755 2177 817 quam
2236 740 2478 818 postea

383 841 411 888 ’1
450 824 766 908 scriptam
811 822 1028 887 edidit.
1094 821 1207 885 sed
1250 821 1366 884 ubi
1411 820 1522 884 ille
1561 821 1829 904 adsedit,
1876 820 2176 903 Catilina,
2211 827 2290 887 ut
2327 827 2480 887 erat

450 916 718 997 paratus
766 910 847 974 ad
892 908 1361 973 dissimulanda
1406 908 1648 992 omnia,
1714 907 1995 973 demisso
2064 909 2249 975 voltu
2312 932 2475 976 voce

452 998 732 1150 {ggileligi
743 997 1116 1149 cpeffllsslgire
1147 1018 1224 1148 e}
1267 996 1532 1147 {grhliillidl
1535 996 1839 1148 801ῖῖιῖΞῆ
1847 1019 1973 1148 1tan
1974 997 2220 1149 eseqldibd
2256 998 2476 1150 giem&

455 1173 703 1238 scentia
728 1173 933 1236 vitam
958 1171 1342 1256 instituisse,
1378 1175 1453 1235 ut
1481 1171 1698 1236 omnia
1723 1134 1950 1235 bdna
1932 1194 2003 1236 m
2029 1194 2141 1255 spe
2176 1173 2474 1238 haberet.

451 1284 532 1326 ne
588 1260 1055 1324 existumarent
1100 1260 1254 1343 81111,
1316 1258 1594 1343 patricio
1656 1258 1944 1341 homini,
2011 1260 2195 1324 8111118
2259 1261 2473 1345 11181118

454 1354 648 1432 atque
694 1347 1016 1413 maiorum
1058 1348 1362 1431 pluruma
1387 1346 1732 1410 benificia
1714 1368 1785 1410 m
1818 1309 2076 1430 plebem
2102 1346 2473 1413 Romanam

454 1440 689 1519 essent,
732 1436 990 1520 perdita
1024 1457 1094 1499 re
1121 1434 1385 1518 publica
1421 1455 1583 1517 opus
1621 1455 1780 1516 esse,
1818 1455 1965 1498 cum
1997 1457 2141 1499 eam
2178 1441 2473 1501 servaret

384 1540 419 1589 8
454 1524 540 1589 M.
568 1524 837 1607 Tullius,
880 1523 1237 1605 inquilinus
1284 1522 1443 1586 civis
1479 1521 1661 1585 urbis
1690 1520 1954 1586 Romae.
2014 1522 2096 1586 ad
2129 1523 2255 1588 hoc
2298 1524 2472 1589 male

454 1614 630 1677 dicta
674 1611 804 1675 alia
848 1632 996 1674 cum
1042 1609 1322 1693 adderet,
1369 1609 1742 1692 obstrepere
1790 1631 2032 1693 omnes,
2076 1610 2338 1675 hostem
2377 1616 2472 1676 at-

384 1716 420 1763 8
456 1721 580 1783 que
616 1697 1006 1782 parricidam
1042 1718 1289 1760 vocare.
1363 1701 1505 1761 tum
1548 1697 1659 1760 ille
1703 1696 2088 1761 furibundus
2135 1696 2471 1781 ‘quoniam

456 1787 714 1870 quidem
780 1806 838 1850 81
819 1783 1276 1849 rcumventus’
1349 1784 1563 1868 inquit
1635 1783 1738 1848 ‘ab
1811 1784 2092 1850 immicis
2156 1808 2468 1871 praeceps

349 1874 434 1939 32
455 1896 640 1960 agor,
685 1871 1050 1937 incendium
1097 1894 1312 1936 meum
1357 1873 1543 1936 ruina
1587 1871 2032 1957 restinguam'.
2123 1873 2351 1938 deinde
2400 1896 2468 1938 se

456 1984 534 2027 ex
580 1961 759 2026 curia
805 1961 1066 2024 domum
1111 1959 1455 2044 proripuit.
1518 1959 1611 2024 ibi
1657 1960 1919 2024 multa
1901 1982 2040 2044 11188
2079 1982 2298 2025 88811111
2334 1961 2468 2027 vol-

454 2071 635 2132 vens,
692 2049 863 2132 quod
914 2069 1123 2131 neque
1177 2048 1449 2111 insidiae
1496 2047 1745 2111 consuli
1789 2048 2224 2131 procedebant
2267 2053 2338 2113 et
2384 2050 2468 2114 ab

453 2136 750 2201 incendio
778 2136 1201 2221 intellegebat
1227 2136 1457 2199 urbem
1484 2135 1727 2220 vigiliis
1757 2135 2092 2235 munitam,
2126 2141 2467 2219 optumum

454 2223 633 2289 factu
672 2224 933 2288 credens
973 2223 1326 2287 exercitum
1365 2243 1600 2307 augere
1638 2244 1713 2287 88
1739 2223 1921 2306 1111118
1951 2245 2145 2306 quam
2174 2224 2466 2308 legiones

457 2311 911 2394 scriberentur,
956 2311 1166 2375 multa
1201 2313 1601 2393 antecapere,
1637 2331 1801 2393 quae
1838 2310 2010 2375 bello
2046 2311 2193 2375 usui
2228 2311 2466 2396 forent,

453 2404 647 2465 nocte
690 2399 1083 2483 intempesta
1129 2420 1276 2462 cum
1312 2398 1537 2481 paucis
1583 2397 1654 2461 in
1687 2396 2017 2463 Manliana
2063 2403 2277 2462 castra
2321 2422 2465 2483 pro-

352 2503 420 2550 -2
454 2487 664 2553 fectus
729 2492 845 2552 est.
940 2487 1054 2551 sed
1118 2484 1406 2570 Cethego
1479 2489 1675 2568 atque
1737 2484 2014 2549 Lentulo
2088 2487 2466 2571 ceterisque,

457 2597 732 2659 quorum
778 2577 1169 2659 cognoverat
1194 2575 1566 2656 promptam
1613 2572 1966 2656 audaciam,
2002 2574 2284 2657 mandat,
2328 2576 2464 2658 qui-

453 2664 577 2726 bus
624 2663 817 2725 rebus
862 2664 1148 2743 possent,
1196 2681 1352 2742 opes
1398 2659 1700 2723 factionis
1747 2660 2147 2744 confirment,
2191 2662 2463 2727 insidias

457 2749 708 2814 consuli
754 2751 1106 2830 maturent,
1167 2746 1427 2810 caedem
1472 2747 1767 2811 incendia
1812 2747 2065 2831 aliaque
2109 2749 2266 2812 belli
2311 2749 2464 2815 faci-

452 2857 615 2900 nora
658 2839 915 2918 parent:
962 2855 1100 2898 sese
1144 2855 1348 2918 prope
1394 2833 1565 2898 diem
1603 2856 1749 2898 cum
1785 2855 2023 2918 magno
2060 2837 2345 2901 exercitu
2380 2839 2463 2903 ad

455 2924 684 2987 urbem
730 2943 1153 2987 accessurum.

384 3028 418 3074 3
585 3009 760 3075 Dum
811 3010 971 3074 haec
1024 3008 1269 3073 Romae
1336 3013 1674 3093 geruntur,
1739 3008 1807 3074 O.
1854 3008 2138 3075 Manlius
2201 3032 2281 3077 ex
2343 3034 2462 3078 suo

453 3120 722 3164 numero
767 3098 1022 3182 legatos
1069 3096 1149 3159 ad
1185 3094 1504 3160 Marcium
1549 3095 1796 3181 Regem
1841 3098 2053 3162 mittit
2097 3121 2244 3164 cum
2288 3121 2462 3165 man·

455 3186 625 3250 datis
669 3185 938 3249 huiusce
984 3183 1185 3247 modi:

351 3272 437 3336 33
588 3270 785 3335 ‘Deos
830 3271 1252 3354 hominesque
1297 3275 1633 3356 testamur,
1676 3272 2058 3357 imperator,
2115 3295 2235 3338 nos
2281 3297 2461 3339 arma

452 3380 661 3442 neque
690 3362 917 3423 contra
951 3359 1233 3442 patriam
1262 3359 1507 3443 cepisse
1534 3382 1741 3443 neque
1770 3383 1898 3460 quo
1927 3362 2285 3460 periculum
2313 3362 2458 3429 81118

387 3447 829 3529 faceremus,
856 3446 969 3510 sed
994 3446 1095 3510 uti
1123 3468 1397 3529 corpora
1420 3451 1648 3511 nostra
1675 3447 1801 3511 ab
1783 3447 2022 3511 miuria
2057 3452 2202 3513 tuta
2227 3448 2456 3534 forent,

456 3534 570 3622 qui
613 3532 836 3597 miseri
879 3537 1143 3621 egentes
1180 3533 1493 3599 violentia
1532 3538 1727 3619 atque
1764 3534 2143 3600 crudelitate
2178 3501 2460 3602 faenera-
