2650 4059
692 258 792 313 EX
828 257 1186 313 HISTORIIS
1224 257 1335 312 ΟΒ..
1373 255 1620 311 MACRI.
1944 295 1949 299 >
2051 258 2179 321 133

153 405 378 468 animo
427 403 853 488 pergentibus
890 403 1120 486 possit,
1168 424 1333 486 quos
1370 403 1713 489 languidos
1753 402 2179 484 socordesque
2301 435 2304 437 ψ

152 491 599 577 pertimuere?
687 490 817 555 nisi
870 489 1041 557 forte
1098 489 1167 556 G.
1214 489 1437 575 Cotta,
1502 513 1581 556 ex
1631 489 1915 556 factione
1970 490 2183 553 media

157 580 407 663 consul,
446 579 639 644 aliter
675 597 869 662 quam
906 582 1087 643 metu
1123 579 1266 642 iura
1304 580 1618 662 quaedam
1654 578 1935 643 tribunis
1970 577 2180 661 plebis

156 667 474 733 restituit.
566 671 651 751 et,
697 688 1091 751 quamquam
1136 665 1208 731 L.
1257 664 1539 731 Sicinius
1583 667 1832 751 primus
1879 666 1956 731 de
2002 669 2182 749 pote—

160 760 336 821 state
370 755 722 820 tribunicia
757 755 943 838 loqui
977 775 1172 819 ausus
1209 756 1654 820 mussantibus
1692 755 1878 821 vobis
1916 754 2182 818 011011111-

159 849 397 909 ventus
445 846 605 927 erat,
650 847 873 907 tamen
915 843 1098 926 prius
1143 842 1244 907 illi
1287 843 1599 908 invidiam
1635 847 1941 926 metuere,
1987 863 2183 925 quam

161 954 280 997 vos
346 931 619 995 iniuriae
676 935 1047 1015 pertaesum
1103 934 1221 995 est.
1312 932 1486 1014 quod
1540 952 1662 1017 ego
1704 949 1964 1015 nequeo
2021 929 2181 994 satis

162 1019 409 1103 mirari,
457 1018 773 1103 Quirites3
822 1040 975 1084 nam
1012 1040 1193 1101 spem
1228 1017 1475 1083 frustra
1510 1019 1711 1084 fuisse
1748 1017 2182 1083 intellexistis.

166 1106 353 1173 Sulla
379 1111 659 1190 mortuo,
687 1107 799 1190 qui
828 1107 1174 1181 scelestum
1200 1107 1579 1190 inposuerat
1608 1107 1962 1190 servitium,
1988 1106 2183 1170 finem

163 1196 324 1260 mali
373 1195 761 1260 credebatis:
827 1198 1009 1259 ortus
1057 1199 1158 1259 est
1193 1195 1388 1280 longe
1427 1196 1677 1260 saevior
1722 1193 2012 1261 Catulus.
2085 1197 2184 1258 tu-

37 1347 42 1366 ,
163 1284 415 1349 multus
452 1283 822 1347 intercessit
857 1282 1065 1347 Bruto
1104 1287 1171 1347 et
1206 1282 1534 1349 Mamerco
1578 1283 1971 1347 consulibus
2035 1282 2186 1345 dein

166 1371 236 1437 G.
287 1370 484 1437 Curio
532 1372 612 1435 ad
658 1370 928 1435 exitium
965 1392 1168 1454 usque
1205 1371 1485 1436 insontis
1524 1371 1773 1435 tribuni
1809 1370 2181 1435 dominatus

163 1464 286 1524 est.
379 1457 689 1523 Lucullus
736 1459 1064 1542 superiore
1112 1482 1279 1523 anno
1328 1460 1589 1542 quantis
1638 1458 1872 1523 animis
1917 1457 2070 1522 ierit
2113 1456 2184 1520 in

161 1547 238 1611 L.
288 1546 656 1630 Quintium,
730 1547 1003 1615 vidistis.
1110 1551 1389 1630 quantae
1453 1547 1726 1631 denique
1787 1568 1960 1611 nunc
2022 1544 2185 1609 1111111

163 1636 401 1700 turbae
430 1635 863 1699 concitantur!
912 1656 1075 1719 quae
1103 1635 1396 1719 profecto
1423 1636 1495 1700 in
1521 1658 1778 1701 cassum
1805 1635 2185 1720 agebantur,

164 1724 226 1788 si
271 1723 453 1806 prius
509 1744 705 1807 quam
757 1744 874 1787 vos
935 1723 1263 1787 serviundi
1314 1724 1513 1788 finem
1565 1724 1666 1788 illi
1721 1720 2184 1788 dominationis

164 1810 409 1875 facturi
436 1814 647 1893 erant:
684 1811 1070 1894 praesertim
1108 1833 1255 1876 cum
1289 1811 1395 1876 his
1433 1812 1732 1877 civilibus
1771 1811 1969 1875 armis
2010 1810 2186 1874 dicta

164 1899 326 1982 alia,
381 1898 493 1962 sed
539 1902 860 1963 certatum
905 1899 1231 1982 utrimque
1277 1899 1355 1964 de
1402 1899 1841 1964 dominatione
1887 1899 1957 1962 in
1993 1897 2184 1962 vobis

164 1988 275 2052 sit.
339 1986 559 2070 itaque
606 1990 821 2051 cetera
867 2009 945 2051 ex
987 1987 1253 2052 licentia
1298 1991 1413 2051 aut
1458 1988 1606 2052 odio
1655 1992 1768 2052 aut
1806 1986 2083 2069 avaritia
2117 1986 2187 2049 in

164 2080 428 2158 tempus
474 2095 714 2158 arsere,
758 2074 1119 2158 permansit
1161 2097 1292 2139 una
1337 2097 1440 2140 res
1487 2076 1706 2160 modo,
1753 2097 1916 2159 quae
1961 2074 2187 2139 utrim-

166 2184 296 2246 que
334 2162 632 2245 quaesita
668 2166 788 2247 est,
834 2165 901 2226 et
946 2168 1171 2247 erepta
1204 2163 1274 2227 in
1309 2167 1648 2247 posterum
1683 2163 1781 2227 vis
1818 2162 2187 2245 tribunicia,

166 2251 378 2314 telum
424 2272 463 2313 a
508 2250 863 2315 maioribus
917 2251 1210 2315 libertati
1263 2255 1584 2334 paratum.
1676 2250 1848 2334 quod
1902 2269 2023 2333 ego
2070 2271 2187 2314 vos

165 2359 403 2402 moneo
460 2359 828 2421 quaesoque
883 2342 959 2402 ut
1014 2338 1552 2404 animadvortatis
1602 2361 1730 2403 neu
1782 2338 2049 2402 nomina
2095 2358 2189 2400 re-

166 2447 317 2490 rum
364 2425 445 2489 ad
488 2426 818 2511 ignaviam
863 2430 1192 2492 mutantes
1240 2428 1449 2491 otium
1493 2449 1612 2511 pro
1661 2425 1928 2490 servitio
1976 2425 2189 2508 appel-

164 2513 340 2578 letis.
407 2535 534 2597 quo
579 2514 712 2578 iam
757 2515 901 2598 ipso
946 2514 1096 2598 frui,
1141 2515 1200 2579 si
1242 2537 1397 2579 vera
1442 2520 1509 2579 et
1551 2514 1829 2580 honesta
1864 2512 2190 2597 flagitium

168 2602 593 2686 superaverit,
627 2624 761 2666 non
796 2605 897 2666 est
935 2602 1253 2667 condicio:
1288 2602 1541 2687 fuisset,
1584 2603 1642 2667 si
1679 2601 1941 2667 omnino
1982 2601 2190 2685 quies-

169 2689 352 2754 setis.
440 2710 612 2754 nunc
658 2689 946 2753 animum
1001 2691 1338 2755 advortere
1384 2696 1467 2774 et,
1511 2691 1641 2755 nisi
1686 2689 1991 2773 viceritiS,
2038 2711 2192 2773 quo-

164 2777 351 2841 niam
406 2776 615 2841 01111118
677 2778 916 2842 iniuria
978 2779 1304 2864 gravitate
1359 2779 1568 2844 tutior
1625 2782 1753 2863 est,
1817 2777 2024 2843 artius
2082 2777 2192 2842 ha-

169 2865 440 2929 bebunt.

307 2950 524 3027 “Quid
571 2974 790 3018 censes
836 2953 1132 3040 igitur‘?''
1198 2954 1436 3038 aliquis
1481 2958 1779 3019 vostrum
1824 2954 2190 3018 subiecerit.

168 3040 457 3124 primum
486 3040 777 3105 omnium
805 3042 1246 3107 omittundum
1281 3064 1530 3106 morem
1566 3043 1737 3107 1111110
1768 3063 1959 3125 quem
1993 3042 2190 3126 agitis

168 3127 469 3212 inpigrae
523 3129 811 3214 linguae,
867 3130 1067 3194 animi
1127 3130 1376 3216 ignavi,
1437 3152 1570 3196 non
1630 3131 1825 3195 ultra.
1870 3129 2191 3195 contionis

168 3217 391 3281 locum
436 3238 757 3281 memores
802 3217 1146 3282 libertatis.
1238 3217 1466 3282 deinde
1523 3216 1630 3303 (ne
1686 3240 1802 3283 vos
1850 3218 1932 3281 ad
1976 3217 2192 3281 virilia

169 3304 288 3367 illa
333 3325 585 3389 vocem,
634 3326 762 3387 quo
810 3305 1108 3371 tribunos
1152 3306 1368 3392 plebei
1414 3307 1625 3390 mod0,
1668 3305 2018 3390 patricium
2062 3327 2193 3369 ma-

171 3392 559 3492 gistratum,
630 3393 839 3457 Iibera
912 3394 995 3456 ab
1063 3394 1440 3458 auctoribus
1512 3394 1808 3478 patriciis
1882 3393 2194 3493 suffragia

170 3479 452 3544 maiores
497 3480 708 3548 vostri
750 3479 1105 3567 paravere),
1154 3502 1302 3544 cum
1347 3481 1445 3545 vis
1495 3482 1723 3565 omnis,
1772 3480 2079 3565 Quirites,
2124 3482 2196 3544 in

176 3568 359 3633 vobis
408 3567 497 3631 sit
543 3571 611 3632 et
658 3589 822 3652 quae
866 3568 1045 3633 iussa
1096 3589 1269 3632 nunc
1322 3590 1444 3652 pro
1501 3568 1648 3632 aliis
1695 3568 2018 3652 toleratis,
2072 3591 2192 3652 pro

2224 1472 2286 1519 11

2227 2001 2337 2049 12·

2228 2264 2292 2312 13

2232 2969 2298 3017 14

2231 3232 2297 3281 15
