2650 4059
407 227 496 289 46
1071 221 1128 278 Ο.
1168 221 1515 279 SALLUSTI
1550 221 1780 280 CRISPI

339 386 371 434 3
410 369 736 435 mittebat.
799 369 912 434 sed
943 390 1020 434 ea
1048 390 1151 434 res
1187 369 1384 454 101130
1422 369 1629 453 aliter,
1666 392 1741 434 ac
1779 373 1961 433 ratus
1997 373 2156 453 erat,
2193 368 2434 433 evenit.

339 474 373 522 4
407 457 561 522 nain
586 457 926 543 Iugurtha,
969 461 1047 521 ut
1092 460 1234 520 erat
1276 455 1538 542 inpigro
1577 461 1774 541 atque
1812 456 1947 521 acri
1983 455 2269 541 ingenio,
2312 456 2436 520 ubi

407 549 710 610 naturam
776 544 846 609 P.
895 543 1216 628 Scipionis
1231 595 1249 628 ,
1314 545 1427 628 qui
1484 549 1626 609 tum
1696 544 2004 609 Romanis
2068 544 2437 629 imperator

410 637 569 718 erat,
607 638 674 698 et
710 653 958 697 morem
993 631 1286 697 hostium
1323 633 1649 717 cognovit,
1684 633 1895 697 multo
1930 632 2155 697 labore
2192 632 2434 696 multa-

410 743 533 806 que
579 743 764 805 cura,
825 724 1163 805 praeterea
1226 721 1725 785 modestissume
1779 720 2064 805 parendo
2120 723 2190 785 et
2235 741 2435 821 saepe

409 810 668 875 obviam
714 809 920 873 eundo
967 808 1273 892 periculis
1328 808 1400 871 in
1444 813 1698 876 tantam
1744 808 2198 875 claritudinem
2243 809 2360 872 bre
2375 831 2433 872 n

406 900 814 982 pervenerat,
872 900 948 961 ut
991 896 1236 961 nostris
1283 895 1697 961 vehementer
1742 918 1956 972 081118,
2002 895 2434 960 Numantinis

338 1000 370 1048 5
409 1006 711 1049 maxumo
758 984 994 1048 terrori
1040 987 1230 1048 esset.
1297 1006 1375 1049 ac
1413 1005 1583 1067 sane,
1631 985 1805 1067 quod
1841 947 2378 1049 diflicillumum
2358 1007 2435 1048 m

406 1073 637 1157 primis
683 1074 803 1153 est,
848 1075 915 1135 et
957 1071 1206 1155 proelio
1253 1075 1557 1136 strenuus
1603 1077 1744 1137 erat
1780 1076 1849 1137 et
1886 1072 2094 1137 bonus
2132 1072 2434 1156 consiliu,

411 1181 688 1244 quorum
734 1160 1012 1224 alterum
1058 1181 1136 1224 ex
1179 1159 1590 1244 providentia
1635 1160 1964 1244 timorem,
2019 1160 2301 1224 alterum
2348 1181 2433 1224 ex

337 1265 369 1312 6
408 1248 675 1314 audacia
719 1248 1156 1313 temeritatem
1202 1247 1452 1314 adferre
1504 1249 1886 1332 plerumque
1942 1248 2127 1313 solet.
2218 1247 2435 1333 igitur

406 1337 763 1421 imperator
800 1336 1010 1401 omnis
1047 1335 1181 1401 fere
1218 1356 1323 1400 res
1363 1357 1625 1419 asperas
1650 1358 1768 1421 per
1795 1336 2184 1422 Iugurtham
2212 1356 2433 1422 agere,

404 1425 476 1490 in
520 1425 747 1489 amicis
791 1424 1056 1507 habere,
1120 1424 1332 1509 magis
1378 1424 1716 1509 magisque
1784 1447 1932 1490 eum
1984 1426 2056 1488 in
2110 1424 2247 1489 dies
2295 1445 2433 1489 8111-

404 1513 630 1597 plecti,
678 1512 913 1596 quippe
961 1512 1142 1576 cuius
1186 1532 1396 1594 neque
1443 1512 1785 1576 consilium
1837 1534 2046 1595 neque
2091 1513 2435 1597 inceptum

337 1617 366 1664 ⁷
404 1602 610 1665 ullum
656 1599 901 1664 frustra
945 1603 1101 1663 erat.
1164 1599 1291 1663 huc
1338 1599 1689 1664 adcedebat
1735 1600 2178 1665 munificentia
2222 1599 2432 1665 animi

406 1692 473 1753 et
517 1687 738 1772 ingeni
780 1687 1090 1771 sollertia,
1136 1686 1281 1770 quis
1318 1687 1514 1751 rebus
1552 1685 1680 1751 sibi
1716 1689 1961 1753 multos
2000 1709 2081 1752 ex
2106 1687 2432 1753 Romanis

406 1775 715 1839 familiari
761 1774 1053 1839 amicitia
1097 1774 1536 1839 coniunxerat.
2443 1772 2448 1776 ’

345 1862 385 1927 8
536 1864 639 1927 Ea
681 1866 1071 1946 tempestate
1105 1863 1195 1928 -in
1239 1863 1527 1927 exercitu
1569 1867 1798 1929 nostro
1850 1863 2032 1929 fuere
2077 1864 2431 1948 conplures

404 1953 557 2017 novi
603 1955 798 2034 atque
844 1951 1124 2035 nobiles,
1182 1951 1419 2034 quibus
1474 1950 1740 2016 divitiae
1798 1953 1971 2017 bono
2017 1953 2431 2037 honestoque

405 2039 693 2124 potiores
753 2042 964 2121 erant,
1027 2038 1287 2105 factiosi
1335 2039 1537 2123 domi,
1594 2044 1897 2123 potentes
1957 2041 2128 2125 apud
2188 2041 2434 2126 socios,

407 2127 565 2192 clari
610 2127 821 2227 1118318
869 2148 1063 2210 quam
1107 2127 1395 2211 honesti,
1442 2127 1554 2210 qui
1597 2126 1953 2212 Iugurthae
2006 2149 2140 2193 non
2184 2128 2432 2193 medio-

407 2237 579 2280 crem
626 2215 912 2279 animum
948 2214 1375 2299 pollicitando
1412 2216 1864 2300 accendebant,
1911 2217 1967 2281 81
1995 2215 2276 2300 Micipsa
2309 2238 2432 2282 rex

408 2303 777 2387 occidisset,
831 2303 970 2368 fore
1014 2304 1114 2368 uti
1163 2303 1341 2369 solus
1395 2302 1629 2387 imperi
1674 2302 2019 2372 Numidiae
2065 2305 2430 2388 potiretur:

404 2390 476 2455 in
534 2392 677 2475 ipso
742 2413 1111 2456 maxumam
1173 2391 1520 2474 virtutem,
1582 2390 1830 2456 Romae
1892 2393 2110 2457 omnia
2166 2394 2431 2458 venalia

335 2494 367 2543 2
407 2501 563 2545 esse.
654 2479 765 2544 sed
823 2485 1173 2579 postquam
1228 2478 1589 2544 Numantia
1651 2479 1867 2544 deleta
1919 2480 1990 2545 P.
2047 2479 2266 2565 Scipio
2331 2481 2430 2545 di-

405 2569 669 2632 mittere
716 2568 956 2631 auxilia
1001 2571 1068 2631 et
1112 2567 1252 2650 ipse
1297 2567 1541 2631 revorti
1578 2567 1844 2632 domum
1879 2569 2182 2652 decrevit,
2227 2570 2429 2634 dona-

406 2659 550 2719 tum
578 2659 773 2738 atque
809 2655 1143 2718 laudatum
1185 2654 1526 2739 magnifice
1553 2676 1673 2738 pro
1704 2656 2005 2721 contione
2035 2657 2429 2742 Iugurtham

405 2743 475 2806 in
517 2741 918 2825 praetorium
965 2741 1234 2805 abduxit
1278 2742 1498 2826 ibique
1544 2747 1794 2807 secreto
1848 2745 2131 2827 monuit,
2188 2749 2265 2810 ut
2308 2768 2427 2829 po-

406 2829 539 2893 tius
583 2829 841 2913 publice
888 2850 1085 2913 quam
1127 2828 1436 2913 privatim
1482 2831 1840 2895 amicitiam
1883 2832 2111 2916 populi
2138 2831 2427 2897 Romani

407 2916 649 2983 coleret
710 2938 836 2981 neu
901 2916 1138 2999 quibus
1192 2916 1419 3002 largiri
1476 2918 1902 2984 insuesceret:
1964 2920 2327 3003 periculose
2382 2943 2430 2985 a

403 3005 629 3105 paucis
676 3005 804 3069 emi
859 3004 1032 3088 quod
1077 3005 1432 3069 multorum
1470 3010 1660 3071 esset.
1725 3007 1783 3071 si
1809 3028 2186 3091 permanere
2221 3008 2427 3073 vellet

405 3094 476 3158 in
521 3093 655 3158 suis
702 3091 980 3176 artibus,
1026 3093 1200 3157 ultro
1246 3092 1346 3157 illi
1392 3097 1459 3158 et
1504 3094 1782 3180 gloriam
1835 3099 1903 3160 et
1956 3117 2230 3182 1031111111
2272 3117 2425 3161 ven-

404 3187 652 3246 turum:
714 3180 816 3245 8111
859 3181 1314 3265 properantius
1370 3187 1697 3269 pergeret,
1756 3188 2010 3248 suamet
2055 3185 2268 3268 ipsum
2313 3206 2425 3268 pe-

342 3270 382 3335 9
406 3270 597 3336 cunia
652 3269 1073 3354 praecipitem
1129 3291 1447 3336 casurum.
1538 3271 1632 3336 sic
1676 3270 1936 3337 locutus
1983 3294 2130 3337 cum
2174 3271 2421 3337 litteris

399 3379 569 3510 {um,
616 3378 776 3441 quas
804 3357 1116 3443 Micipsae
1153 3359 1466 3443 redderet,
1503 3359 1769 3425 dimisit.
1834 3381 2057 3425 earum
2094 3361 2424 3426 sententia

448 3466 563 3510 aec
608 3449 774 3509 erat:

332 3549 362 3596 2
548 3530 923 3619 ‘Iugurthae
990 3533 1088 3597 tui
1151 3533 1325 3599 bello
1392 3533 1796 3601 Numantino
1859 3536 2053 3622 longe
2115 3560 2421 3605 maxuma
