2650 4059
649 237 938 293 BELLUM
976 238 1496 295 IUGURTHINUM
1532 258 1577 297 0.
1609 248 1797 297 7—10.
2137 243 2222 306 47

205 383 421 449 virtus
486 383 646 467 fuit,
711 404 908 467 quam
970 406 1108 449 rem
1162 385 1289 449 tibi
1350 389 1526 450 certo
1587 386 1721 451 scio
1777 386 2012 471 gaudio
2068 409 2226 453 esse.

204 472 398 536 nobis
457 472 541 535 ob
598 472 833 535 merita
896 494 1014 536 sua
1068 494 1257 539 carus
1312 477 1440 538 est:
1502 477 1580 538 ut
1632 474 1803 537 idem
1859 476 2114 539 senatui
2161 480 2228 540 et

206 559 454 645 populo
492 558 790 624 Romano
830 560 936 643 sit,
983 582 1238 625 summa
1283 584 1405 645 ope
1441 562 1740 626 nitemur.
1805 563 1929 625 tibi
1970 564 2229 646 quidem

205 670 329 731 pro
374 651 606 712 nostra
650 647 941 712 amicitia
986 650 1298 733 gratulor.
1364 671 1447 714 en
1479 649 1681 714 habes
1709 649 1924 714 virum
1960 652 2229 736 dignum

206 741 275 800 te
323 739 521 818 atque
568 756 688 800 avo
736 756 854 800 suo
905 735 1295 801 Masinissa?

342 823 562 909 Igitur
605 844 745 906 1611,
798 824 915 888 ubi
961 846 1063 908 ea,
1128 846 1290 909 quae
1350 824 1528 889 fama
1582 831 1945 910 acceperat,
2002 850 2080 892 ex
2124 828 2230 891 lit·
2267 845 2300 892 3

208 911 371 976 teris
417 910 831 995 imperatoris
876 912 975 975 ita
1020 933 1160 977 esse
1208 914 1541 1013 cognovit,
1597 936 1744 980 cum
1797 916 2040 980 virtute
2087 920 2230 980 tum

208 999 428 1085 gratia
454 999 578 1064 viri
623 1000 959 1083 permotus
997 1000 1178 1064 flexit
1215 1002 1504 1065 animum
1533 1023 1721 1066 suum
1750 1007 1816 1067 et
1843 1003 2230 1089 Iugurtham

206 1087 528 1153 benificiis
573 1087 829 1152 vincere
875 1108 1222 1188 aggressus
1269 1092 1398 1173 est,
1445 1089 1798 1174 statimque
1846 1112 1993 1155 eum
2038 1093 2230 1176 adop-

206 1176 380 1240 tavit
416 1179 484 1240 et
519 1178 914 1241 testamento
952 1176 1200 1261 pariter
1228 1198 1375 1241 cum
1402 1177 1558 1241 filiis
1585 1177 1889 1242 heredem
1921 1179 2228 1244 instituit

345 1261 474 1328 Sed
516 1263 656 1348 ipse
709 1285 952 1347 paucos
1007 1268 1162 1347 post
1215 1286 1420 1329 annos
1476 1265 1706 1329 morbo
1763 1270 1959 1350 atque
2014 1271 2230 1332 aetate
2268 1285 2302 1331 4

207 1351 545 1417 confectus
610 1373 758 1416 cum
821 1351 949 1416 sibi
1011 1352 1207 1417 finem
1269 1352 1445 1417 vitae
1508 1352 1731 1417 adesse
1802 1354 2231 1440 intellegeret,

209 1461 432 1506 coram
471 1439 696 1504 amicis
726 1443 793 1503 et
823 1439 1119 1525 cognatis
1146 1440 1437 1524 itemque
1464 1438 1837 1506 Adherbale
1874 1446 1941 1506 et
1966 1442 2231 1527 Hiemp-

208 1528 347 1593 sale
401 1527 556 1592 filiis
612 1525 851 1592 dicitur
904 1527 1172 1593 huiusce
1226 1528 1404 1592 modi
1457 1528 1656 1593 verba
1710 1550 1858 1594 cum
1913 1528 2234 1615 Iugurtha

206 1616 547 1681 habuisse.

345 1703 645 1768 ‘Parvom
689 1726 839 1790 ego,
892 1704 1238 1790 Iugurtha,
1290 1711 1358 1769 te
1405 1707 1646 1770 amisso
1691 1710 1878 1789 patre
1935 1706 2072 1771 sine
2119 1728 2232 1791 spe
2255 1708 2339 1772 10

208 1793 350 1858 sine
397 1792 630 1876 opibus
675 1792 746 1856 in
791 1813 1066 1877 regnum
1106 1815 1324 1858 meum
1371 1793 1607 1878 accepi,
1653 1794 2053 1859 existumans
2098 1817 2232 1860 non

207 1881 426 1945 minus
473 1901 576 1943 me
622 1879 765 1964 tibi,
813 1902 1008 1964 quam
1057 1880 1337 1963 [liberis]
1387 1882 1444 1945 si
1491 1881 1876 1967 genuissem,
1924 1883 2009 1947 ob
2057 1883 2232 1947 beni-

205 1968 361 2034 ficia
414 1989 637 2033 carum
697 1967 854 2033 fore.
943 1990 1152 2053 neque
1217 1990 1295 2033 ea
1357 1991 1462 2034 res
1526 1968 1765 2033 falsum
1820 1992 1923 2036 me
1978 1971 2228 2036 habuit.

205 2078 388 2138 116111,
445 2060 522 2121 ut
567 2056 697 2119 alia
741 2077 979 2141 magna
1033 2061 1099 2120 et
1146 2058 1411 2143 egregia
1467 2061 1584 2122 tua
1629 2058 1959 2144 omittam,
2017 2060 2229 2125 novis·
2269 2076 2300 2123 2

208 2166 394 2209 sume
465 2144 719 2209 rediens
794 2143 1154 2209 Numantia
1233 2167 1464 2229 meque
1536 2165 1940 2231 regnumque
2013 2170 2229 2213 meum

206 2232 423 2318 gloria
473 2231 878 2297 honoravisti
931 2237 1173 2317 tuaque
1225 2234 1470 2297 virtute
1523 2234 1714 2298 nobis
1771 2232 2104 2300 Romanos
2152 2258 2230 2300 ex

209 2320 437 2385 amicis
483 2320 932 2385 amicissumos
978 2320 1212 2386 fecisti.
1283 2322 1356 2385 in
1400 2320 1721 2405 Hispania
1763 2343 2004 2387 nomen
2047 2322 2232 2387 fami-

206 2409 336 2473 liae
361 2412 743 2474 renovatum
771 2412 890 2473 est.
933 2413 1286 2493 postremo,
1334 2410 1505 2492 quod
1542 2407 2021 2474 difficillumum
2056 2411 2231 2475 inter

207 2497 509 2561 mortalis
556 2500 675 2580 est,
720 2497 932 2582 gloria
976 2496 1286 2561 invidiam
1333 2497 1567 2561 vicisti.

341 2583 551 2667 Nunc,
597 2585 904 2668 quoniam
949 2585 1110 2650 mihi
1156 2589 1392 2649 natura
1436 2585 1634 2649 finem
1677 2584 1851 2650 vitae
1888 2584 2065 2670 facit,
2110 2609 2228 2671 per
2264 2602 2295 2650 3

205 2673 378 2737 hanc
414 2673 764 2755 dexteram,
808 2695 925 2756 per
960 2673 1147 2759 regni
1183 2674 1379 2737 fidem
1415 2694 1647 2739 moneo
1686 2674 2108 2758 obtestorque
2145 2680 2230 2758 te,

209 2761 314 2825 uti
340 2761 482 2843 hos,
521 2761 633 2845 qui
669 2761 796 2824 tibi
824 2780 1058 2845 genere
1085 2761 1454 2845 propinqui,
1491 2762 1790 2827 benificio
1819 2784 1965 2827 meo
1993 2763 2228 2830 fratres

209 2853 384 2932 sunt,
429 2870 614 2914 caros
664 2850 907 2914 habeas
963 2871 1091 2914 neu
1136 2849 1328 2913 malis
1368 2849 1613 2914 alienos
1652 2850 2001 2935 adiungere
2035 2873 2231 2936 quam

208 2937 524 3022 sanguine
590 2937 970 3002 coniunctos
1034 2937 1333 3003 retinere.
1440 2959 1572 3002 non
1636 2940 1957 3004 exercitus
2019 2962 2228 3024 neque
2267 2956 2300 3002 4

205 3025 502 3089 thesauri
536 3025 862 3112 praesidia
897 3025 1083 3110 regni
1110 3030 1282 3110 sunt,
1326 3047 1554 3090 verum
1581 3025 1791 3108 amici,
1831 3048 1994 3108 quos
2021 3049 2229 3111 neque

207 3113 411 3178 armis
457 3132 690 3198 cogere
733 3134 942 3213 neque
988 3135 1146 3178 auro
1192 3135 1422 3214 parare
1470 3133 1695 3197 queas·
1744 3111 1961 3177 officio
2000 3118 2067 3178 et
2102 3116 2228 3179 fide

203 3201 568 3285 pariuntur.
659 3200 805 3284 quis
860 3204 1079 3265 autem
1144 3201 1416 3266 amicior
1478 3221 1675 3284 quam
1736 3199 1943 3265 frater
1994 3200 2230 3266 fratri?
2268 3218 2299 3265 5

205 3292 322 3354 aut
360 3309 554 3373 quem
592 3287 874 3353 alienum
909 3288 1157 3353 fidum
1138 3289 1443 3372 mvenies,
1490 3289 1548 3353 si
1575 3288 1708 3352 tuis
1734 3287 1949 3353 hostis
1985 3288 2229 3354 fueris?

205 3377 509 3460 equidem
572 3395 696 3461 ego
759 3376 948 3441 vobis
1012 3396 1287 3461 regnum
1353 3376 1539 3441 trado
1603 3377 1895 3461 firmum,
1960 3376 2018 3441 si
2071 3377 2224 3441 boni
2268 3394 2300 3441 6

204 3464 411 3548 eritis,
458 3463 563 3528 sin
597 3462 772 3547 mali,
817 3463 1209 3530 inbecillum.
1272 3487 1427 3530 nam
1465 3465 1809 3531 concordia
1843 3486 2079 3550 parvae
2125 3485 2229 3529 res

204 3555 527 3637 crescunt,
571 3550 896 3617 discordia
938 3572 1278 3617 maxumae
1324 3553 1716 3618 dilabuntur.
