2650 4059
648 245 942 301 BELLUM
979 246 1373 303 CATlLlNAE
1410 267 1456 305 c.
1494 256 1719 305 23-27.
2113 250 2197 315 15

158 394 371 474 atque
418 390 658 473 forma,
703 394 1044 474 praeterea
1086 393 1228 457 viro
1275 398 1472 477 atque
1517 394 1742 459 liberis
1790 395 1950 459 satis
1995 395 2198 461 fortu-

156 483 330 543 nata
372 479 531 562 fuit3
575 479 818 543 litteris
860 477 1124 545 Graecis
1164 484 1230 544 et
1266 480 1521 546 Latinis
1562 482 1771 566 docta,
1813 484 2090 567 psallere
2129 489 2196 548 et

161 568 426 633 saltare.
455 567 820 652 elegantius
859 588 1055 651 quam
1090 590 1351 634 necesse
1390 574 1492 634 est
1517 571 1779 655 probae,
1815 572 2023 636 multa
2051 573 2196 657 alia,

163 678 339 740 quae
377 656 818 720 instrumenta
852 656 1144 720 luxuriae
1181 662 1352 721 sunt.
1418 659 1532 723 sed
1560 659 1620 722 ei
1658 660 1908 723 cariora
1945 683 2197 744 semper
2235 679 2269 726 3

161 744 393 811 omnia
449 765 645 826 quam
699 744 892 808 decus
940 748 1135 828 atque
1188 746 1506 829 pudicitia
1549 746 1703 832 fuit3
1756 748 2064 831 pecuniae
2111 771 2196 812 an

159 834 384 897 famae
422 832 637 895 minus
683 837 997 916 parceret,
1040 832 1218 897 haud
1262 832 1453 899 facile
1500 835 1927 919 discerneres3
1970 836 2194 901 lubido

164 923 265 987 sic
315 942 611 1003 accensa,
656 923 733 984 ut
780 920 1037 1003 saepius
1084 925 1338 1004 peteret
1382 922 1557 987 viros
1607 945 1802 1006 quam
1846 928 2193 1006 peteretur.

164 1010 288 1075 sed
333 1031 413 1073 ea
457 1030 651 1091 saepe
696 1008 972 1073 antehac
1017 1009 1212 1073 fidem
1265 1010 1667 1095 prodiderat,
1723 1012 2041 1077 creditum
2087 1013 2194 1077 ab·
2230 1030 2264 1077 4

162 1099 528 1180 iuraverat,
575 1095 789 1161 caedis
837 1096 1097 1162 conseia
1140 1096 1385 1161 fuerat:
1431 1099 1688 1163 luxuria
1734 1104 1929 1183 atque
1974 1102 2195 1185 inopia

164 1207 483 1271 praeceps
533 1184 801 1248 abierat.
890 1191 1116 1249 verum
1170 1185 1508 1272 ingenium
1561 1187 1697 1251 eius
1755 1188 1930 1252 haud
1974 1189 2194 1253 absur-
2232 1208 2266 1254 5

167 1276 357 1339 dum:
402 1295 595 1357 posse
639 1294 865 1337 versus
911 1272 1142 1356 facere,
1179 1274 1396 1339 iocum
1433 1296 1708 1359 movere,
1754 1297 2047 1341 sermone
2094 1277 2194 1340 uti

164 1364 276 1428 vel
322 1362 619 1426 modesto
665 1360 769 1426 vel
805 1361 990 1426 molli
1035 1361 1138 1425 vel
1181 1363 1471 1446 procaci3
1515 1384 1782 1446 prorsus
1821 1364 2065 1428 multae
2101 1365 2192 1428 fa-

168 1451 378 1515 cetiae
425 1449 798 1532 multusque
842 1448 1024 1533 lepos
1071 1450 1300 1514 inerat.
1417 1481 1422 1486 ·

303 1538 429 1603 His
467 1538 662 1602 rebus
700 1537 1070 1621 conparatis
1110 1537 1397 1603 Catilina
1440 1538 1647 1603 nihilo
1695 1540 1908 1604 minus
1945 1540 2014 1604 in
2049 1562 2193 1624 pro·
2214 1543 2299 1606 26

166 1649 441 1692 xumum
487 1647 727 1690 annum
774 1627 1182 1691 consulatum
1235 1627 1535 1711 petebat,
1590 1649 1876 1712 sperans,
1930 1627 1990 1694 si
2033 1629 2194 1693 desi-

170 1719 414 1801 gnatus
460 1714 659 1798 foret,
703 1713 894 1777 facile
941 1736 1009 1778 se
1058 1736 1135 1778 ex
1180 1715 1515 1779 voluntate
1563 1715 1851 1780 Antonio
1905 1737 2192 1780 usurum.

166 1825 380 1887 neque
418 1803 669 1866 interea
706 1802 966 1884 quietus
1004 1807 1162 1883 erat,
1199 1803 1312 1867 sed
1351 1804 1650 1868 omnibus
1678 1805 1888 1868 modis
1919 1805 2190 1870 insidias

168 1892 453 1977 parabat
481 1889 794 1956 Ciceroni.
856 1911 1064 1973 neque
1102 1891 1200 1953 illi
1238 1894 1461 1955 tamen
1497 1892 1580 1955 ad
1616 1893 1969 1957 cavendum
2003 1893 2189 1957 dolus
2230 1913 2263 1959 2

171 1984 289 2044 aut
336 1979 618 2043 astutiae
663 1978 947 2041 deerant.
1035 1999 1315 2060 namque
1365 2001 1404 2043 a
1447 1980 1766 2063 principio
1815 1981 2188 2046 consulatus
2228 2000 2262 2047 3

171 2068 277 2132 sui
323 2067 534 2131 multa
569 2066 936 2149 pollicendo
982 2087 1099 2149 per
1134 2065 1435 2131 Fulviam
1481 2066 1807 2151 effecerat,
1851 2073 1928 2132 ut
1968 2068 2040 2144 Q.
2070 2069 2191 2134 Cu-

169 2158 338 2239 rius,
384 2156 462 2219 de
510 2176 636 2238 quo
683 2154 878 2238 paulo
927 2157 1076 2218 ante
1123 2155 1504 2238 memoravi,
1551 2156 1823 2220 consilia
1869 2156 2189 2222 Catilinae

171 2244 302 2309 sibi
347 2243 681 2328 proderet3
727 2242 808 2306 ad
850 2241 977 2306 hoc
1022 2243 1362 2328 conlegam
1408 2265 1596 2307 suum
1641 2242 2003 2308 Antonium
2039 2267 2187 2328 pac·
2225 2263 2260 2309 4

172 2334 353 2397 tione
399 2330 771 2414 provinciae
815 2330 1214 2414 perpulerat,
1267 2352 1350 2395 ne
1398 2335 1625 2395 contra
1669 2353 1808 2396 rem
1857 2333 2188 2415 publicam

171 2420 476 2502 sentiret3
513 2419 757 2483 circum
793 2440 862 2482 se
893 2419 1217 2501 praesidia
1244 2419 1600 2491 amicorum
1630 2423 1824 2502 atque
1854 2420 2189 2484 clientium

173 2508 429 2574 occulte
473 2507 777 2571 habebat.
866 2511 1216 2590 postquam
1263 2506 1399 2570 dies
1448 2506 1862 2571 comitiorum
1906 2508 2085 2570 venit
2122 2513 2189 2573 et
2225 2525 2261 2573 5

172 2596 496 2663 Catilinae
532 2616 740 2677 neque
776 2593 1011 2677 petitio
1048 2615 1256 2677 neque
1292 2594 1584 2679 insidiae,
1622 2617 1783 2678 quas
1814 2595 2185 2660 consulibus

169 2687 242 2750 in
287 2706 517 2767 campo
563 2683 832 2766 fecerat,
885 2703 1192 2766 prospere
1241 2703 1507 2767 cessere,
1555 2684 1897 2747 constituit
1942 2684 2187 2749 bellum

170 2774 384 2838 facere
432 2775 500 2835 et
545 2775 834 2835 extrema
879 2769 1099 2834 omnia
1144 2771 1447 2854 experiri,
1504 2772 1811 2855 quoniam
1867 2793 2030 2855 quae
2087 2795 2188 2838 oc-

172 2862 346 2927 culte
394 2863 845 2944 temptaverat,
884 2880 1112 2942 aspera
1155 2858 1469 2942 foedaque
1517 2864 1878 2926 evenerant.

301 2949 519 3035 Igitur
566 2946 635 3013 C.
681 2945 999 3010 Manlium
1033 2945 1342 3011 Faesulas
1389 2951 1585 3030 atque
1629 2948 1698 3011 in
1744 2969 1888 3011 eam
1932 2953 2186 3031 partem
2206 2949 2289 3012 27

170 3037 507 3120 Etruriae,
572 3033 964 3119 Septimium
1028 3035 1347 3117 quendam
1403 3034 1770 3100 Camertem
1832 3036 1903 3099 in
1956 3057 2187 3121 agrum

171 3125 511 3206 Picenum,
575 3122 647 3188 C.
699 3122 938 3187 Iulium
1000 3122 1071 3186 in
1133 3122 1443 3206 Apuliam
1504 3123 1780 3205 dimisit,
1850 3127 2187 3206 praeterea

171 3214 375 3278 alium
429 3211 586 3294 alic,
650 3232 843 3294 quem
895 3210 1136 3293 ubique
1193 3215 1632 3294 opportunum
1691 3210 1818 3274 sibi
1870 3209 2012 3274 fore
2057 3232 2187 3275 ore-

170 3303 386 3380 debat.
437 3300 687 3364 interea
714 3298 960 3363 Romae
998 3298 1206 3362 multa
1243 3298 1437 3362 simul
1466 3298 1709 3362 moliri:
1750 3298 2181 3379 [consulibus]
2221 3314 2257 3362 2

170 3390 439 3454 insidias
485 3387 775 3471 tendere,
828 3408 1057 3471 parare
1103 3386 1423 3469 incendia,
1480 3390 1847 3470 opportuna
1899 3385 2045 3450 loca
2090 3408 2186 3452 ar-

171 3478 366 3542 matis
411 3475 788 3540 hominibus
836 3474 1148 3539 obsidere.
1237 3475 1377 3558 ipse
1425 3496 1572 3539 cum
1617 3475 1751 3539 telo
1798 3496 1968 3557 esse,
2024 3473 2184 3538 item

171 3566 333 3631 alios
361 3565 606 3649 iubere,
632 3563 882 3628 hortari
910 3561 1010 3626 uti
1039 3583 1293 3646 semper
1319 3562 1559 3627 intenti
1585 3563 1924 3646 paratique
1949 3566 2183 3630 essent.
