2650 4059
654 267 952 324 BELLUM
990 267 1516 325 IUGURTHINUM
1552 286 1598 323 0.
1637 275 1862 325 68-72,
2184 270 2265 333 91

253 434 554 478 seorsum
601 413 683 477 ab
730 432 882 497 rege
928 414 1282 478 exercitum
1328 414 1592 478 ductare
1638 413 1954 478 ‹et-omnis
1992 434 2095 477 res
2133 435 2271 477 exe-

247 498 370 585 'qui
426 500 662 565 solitus
708 504 878 582 erat,
934 521 1097 584 quae
1144 499 1502 587 Iugurthae
1546 500 1721 566 fesso
1764 505 1878 565 aut
1915 501 2269 565 maioribus

254 588 577 654 adstricto
624 592 1114 672 superaverant3
1157 611 1237 653 ex
1283 610 1411 671 quo
1458 588 1556 653 illi
1603 588 1815 674 gloria
1860 610 2141 689 opesque
2178 588 2271 652 in·

251 679 503 741 ventae.
592 675 799 761 igitur
843 675 1182 760 utriusque
1230 675 1501 740 consilio
1558 677 1695 741 dies
1741 676 1995 742 insidiis
2042 676 2270 741 statui·
2308 693 2340 740 3

253 769 389 848 tur;
444 767 686 845 cetera,
739 763 839 827 uti
885 785 989 828 res
1034 767 1361 848 posceret,
1415 785 1496 828 ex
1540 768 1831 848 tempore
1877 764 2091 849 parari
2135 765 2271 847 pla-

252 852 407 917 cuit.
499 850 834 915 Nabdalsa
887 851 968 915 ad
1022 851 1379 916 exercitum
1430 850 1790 935 profectus,
1855 873 2047 936 quem
2099 852 2271 916 inter
2307 868 2340 915 4

250 939 528 1004 hiberna
574 938 1018 1003 Romanorum
1071 938 1286 1004 iussus
1342 940 1653 1023 habebat,
1707 960 1788 1003 ne
1843 959 2000 1025 ager
2042 939 2269 1004 inultis

254 1027 584 1092 hostibus
615 1029 1000 1109 vastaretur.
1089 1027 1147 1091 is
1201 1031 1551 1111 postquam
1611 1027 2056 1113 magnitudine
2121 1026 2270 1092 faci·
2309 1042 2340 1091 5

252 1115 434 1180 noris
491 1115 827 1198 perculsus
883 1113 965 1178 ad
1018 1118 1275 1198 tempus
1330 1136 1464 1179 non
1516 1115 1695 1179 venit
1748 1118 2088 1199 metusque
2134 1137 2272 1179 rem

254 1202 661 1286 inpediebat,
705 1202 1063 1286 Bomilcar,
1108 1202 1302 1267 simul
1352 1202 1621 1286 cupidus
1667 1202 1928 1287 incepta
1970 1202 2272 1287 patrandi

252 1295 323 1356 et
381 1290 615 1356 timore
663 1290 801 1355 soci
848 1290 1076 1355 anxius
1086 1342 1104 1373 ,
1157 1312 1239 1354 ne
1287 1290 1531 1355 omisso
1578 1293 1795 1354 vetere
1843 1290 2137 1366 consilio„
2161 1312 2272 1354 no·
2432 1347 2433 1352 ,

252 1400 408 1443 vom
473 1382 838 1463 quaereret,
901 1377 1158 1443 litteras
1214 1378 1295 1442 ad
1350 1399 1497 1443 eum
1552 1399 1668 1462 per
1719 1377 2016 1443 homines
2061 1377 2270 1442 fidelis
2430 1395 2440 1403 ·

255 1466 495 1548 mittit,
544 1466 615 1531 in
659 1466 804 1549 qms‘
852 1466 1199 1531 mollitiam
1245 1465 1736 1549 socordiamque
1782 1465 1906 1529 viri
1952 1397 2543 1616 accusarffl

253 1554 490 1619 testari
535 1554 708 1638 (1303,
750 1575 869 1638 per
915 1575 1077 1637 quos
1123 1554 1490 1636 iuravisset,
1535 1575 1815 1638 monere,
1858 1575 1939 1618 ne
1983 1552 2229 1638 praemi

255 1641 511 1707 Metelli
555 1642 624 1706 in
669 1646 923 1725 pestem
969 1645 1404 1708 convorteret:
1452 1640 1809 1727 Iugurthae
1855 1640 2127 1706 exitium
2170 1641 2273 1704 ad·

256 1751 420 1813 esse,
458 1732 748 1795 ceterum
775 1751 975 1794 suane
1012 1751 1097 1794 an
1123 1727 1378 1795 Metelli
1412 1729 1656 1794 virtute
1684 1728 1946 1813 periret,
1981 1728 2048 1793 id
2080 1729 2272 1793 modo

256 1818 526 1905 agitari:
590 1818 858 1902 proinde
915 1821 1248 1910 reputaret
1304 1839 1451 1895 cum
1506 1817 1723 1882 animo
1779 1839 1924 1901 suo,
1985 1816 2472 1901 praemiam
2638 1885 2639 1888 ,

255 1928 341 1971 an
398 1905 757 1971 cruciatum
812 1905 1056 1970 mallet.
1146 1905 1258 1970 sed
1319 1927 1467 1970 cum
1522 1926 1633 1969 eae
1690 1904 1951 1970 litterae
2001 1905 2273 1988 adlatae,
2297 1905 2375 1969 71
2637 1921 2639 1966 Ι

256 1994 430 2059 forte
476 1991 812 2058 Nabdalsa
856 2014 1065 2058 31131·οι
1102 2014 1139 2058 0
1187 2014 1456 2077 corpore
1511 1992 1719 2058 fessus
1768 1993 1837 2057 in
1881 1993 2052 2058 lecto
2102 1992 2275 2077 quie-
2638 1981 2639 2052 ἔ

257 2083 501 2165 scebat,
548 2081 660 2145 ubi
708 2081 989 2167 cognitis
1027 2080 1415 2145 Bomilcaris
1452 2081 1666 2145 verbis
1704 2081 1916 2165 primo
1955 2102 2127 2164 cura,
2172 2080 2274 2144 de·
2311 2097 2342 2143 2

255 2171 434 2252 inde,
488 2170 588 2233 uti
643 2190 911 2254 aegrum
957 2169 1245 2233 animum
1291 2168 1486 2251 solet,
1540 2190 1805 2233 somnus
1852 2169 2041 2252 cepit.
2133 2172 2274 2232 erat
2310 2182 2344 2232 3

256 2258 317 2323 ei
356 2256 643 2340 Numida
679 2257 943 2340 quidam
977 2256 1394 2342 negotiorum
1431 2260 1708 2339 curator,
1744 2256 1910 2320 fidus
1949 2260 2276 2338 acceptus-

258 2368 386 2430 que
433 2349 501 2409 et
546 2346 837 2409 omnium
887 2344 1307 2410 consiliorum
1351 2344 1479 2408 nisi
1524 2343 1885 2429 novissumi
1928 2344 2275 2427 particeps.
2637 2331 2639 2414 1

259 2433 373 2518 qui
418 2438 789 2516 postquam·
816 2433 1067 2497 adlatas
1113 2433 1371 2497 litteras
1418 2430 1666 2496 audivit
1711 2435 1778 2494 et
1823 2451 1900 2495 ex
1938 2435 2274 2495 consuetu·
2312 2447 2347 2495 4
2638 2437 2639 2452 ³

257 2522 409 2585 dine
455 2525 637 2585 ratus
685 2542 884 2605 opera
928 2524 1044 2584 aut
1087 2520 1348 2606 ingenio
1397 2541 1515 2584 suo
1562 2540 1723 2603 opus
1771 2540 1912 2583 esse
1956 2518 2027 2582 in
2068 2518 2277 2582 taber-

256 2609 566 2674 naculum
601 2608 878 2691 introiit,
914 2608 1273 2673 dormiente
1309 2607 1426 2673 illo
1466 2606 1815 2690 epistulam
1851 2628 2045 2691 super
2082 2610 2278 2690 caput

257 2698 331 2762 in
366 2696 632 2781 pulvino
670 2701 915 2761 temere
951 2696 1237 2779 positam
1274 2696 1477 2761 sumit
1513 2717 1589 2760 ac
1615 2695 1915 2780 perlegit,
1960 2694 2108 2759 dein
2134 2717 2278 2778 pro-

257 2806 414 2869 pere
452 2784 733 2870 cognitis
762 2784 1016 2848 insidiis
1046 2785 1126 2848 ad
1153 2804 1376 2869 regem
1412 2783 1646 2868 pergit.
1710 2781 2046 2848 Nabdalsa
2081 2784 2276 2866 paulo
2316 2798 2348 2846 5

257 2878 415 2958 post
461 2876 872 2955 experrectus
918 2871 1033 2936 ubi
1067 2877 1274 2956 neque
1312 2872 1660 2955 epistulam
1684 2872 1992 2956 ⁴repperit
2037 2875 2106 2936 et
2142 2893 2280 2935 rem

259 2982 540 3044 omnem,
576 2961 676 3024 uti
713 2964 861 3025 acta
898 2963 1055 3043 erat,
1095 2960 1199 3040 [ex
1234 2959 1553 3045 perfugis]
1585 2959 1911 3043 cognovit,
1947 2958 2158 3041 primo
2186 2960 2279 3022 in-

256 3049 471 3113 dicem
497 3048 796 3132 persequi
827 3051 1117 3130 conatus,
1143 3052 1495 3131 postquam
1522 3046 1588 3109 id
1616 3044 1864 3110 frustra
1878 3045 2024 3128 fuit,
2051 3045 2279 3131 Iugur-

257 3136 448 3201 tham
474 3136 775 3220 placandi
802 3136 1020 3220 gratia
1045 3136 1326 3219 adcedit3
1355 3133 1531 3217 dicit,
1559 3154 1722 3217 quae
1749 3134 1889 3217 ipse
1915 3134 2278 3217 paravisset

258 3224 501 3307 facere,
555 3223 826 3308 perfidia
873 3223 1128 3289 clientis
1176 3222 1278 3287 sui
1322 3225 1701 3307 praeventa3
1753 3220 2120 3286 lacrumans
2170 3222 2279 3285 ob-

259 3316 550 3377 testatur
593 3332 711 3395 per
748 3311 1107 3376 amicitiam
1151 3332 1395 3395 perque
1433 3331 1551 3374 sua
1587 3313 1780 3375 antea
1807 3308 2085 3374 fideliter
2113 3313 2278 3392 acta,

256 3422 341 3474 113
389 3421 586 3484 super
631 3399 754 3463 tali
799 3399 1038 3464 scelere
1086 3401 1462 3482 suspectum
1507 3418 1648 3462 sese
1693 3397 1981 3463 haberet.
2074 3396 2155 3461 ad
2201 3396 2382 3461 3372

256 3511 400 3572 rex,
467 3488 661 3552 aliter
724 3489 919 3569 atque
984 3486 1203 3551 animo
1258 3486 1556 3571 gerebat,
1619 3486 1870 3570 placide
1925 3484 2276 3568 respondit.

256 3576 629 3641 Bomilcare
668 3574 942 3657 aliisque
987 3573 1232 3657 multis,
1278 3595 1441 3658 quos
1489 3573 1701 3638 socios
1748 3574 2130 3639 insidiarum
2177 3594 2279 3637 co·
