2650 4059
583 243 878 298 BELLUM
911 243 1439 300 IUGURTHINUM
1475 261 1521 300 e.
1561 250 1823 301 98-101.
2086 245 2214 311 113

186 410 271 451 ex
313 388 717 473 legionibus,
760 410 881 476 pro
930 388 1162 453 castris
1210 390 1464 473 equites
1511 388 1887 454 auxiliarios
1932 390 2214 476 mittere,

184 480 533 560 praeterea
598 476 762 541 alios
826 499 1021 578 super
1082 477 1327 542 vallum
1381 478 1453 542 in
1506 478 1926 542 munimentis
1979 479 2214 564 locare,

188 563 456 649 vigilias
494 564 635 648 ipse
672 565 1030 650 circumire,
1072 587 1207 630 non
1242 565 1605 629 diffidentia
1639 565 1942 630 factum
1922 567 2007 630 ιιι
2049 588 2212 650 quae

189 652 681 736 imperavisset,
764 674 1006 737 quam
1031 654 1135 717 uti
1206 652 1529 718 militibus
1598 657 1991 737 exaequatus
2066 675 2214 718 cum
2270 676 2279 681 ·

188 740 613 890 ffiperatorle
653 740 873 892 labor¹²
902 741 1273 893 volentibus
1310 745 1696 893 16386ιῂὴὶἓῖ
1747 763 1911 894 {asse
1964 741 2213 894 Magius
2251 756 2284 806 5

272 849 439 911 oque
504 849 544 891 a
570 849 779 912 usque
874 829 1124 913 empori
1169 850 1247 893 us
1344 851 1389 893 ιι
1795 851 1830 894 e
1883 853 1908 893 1
2011 849 2057 894 u
2103 851 2213 894 ore

191 915 408 1000 magis
464 936 661 999 quam
714 917 887 981 malo
944 917 1299 981 exercitum
1354 849 1712 983 cfficebat.
1803 853 2011 1001 quodp
2020 918 2215 984 multi

191 1024 312 1086 per
372 1002 799 1068 ambitionem
849 1004 993 1068 fieri
1047 1005 1338 1068 aiebant:
1402 1026 1442 1068 a
1493 1005 1779 1090 pueritia
1837 1010 2215 1070 consuetam

192 1090 509 1155 duritiam
553 1095 621 1155 et
666 1091 820 1175 alia,
875 1113 1039 1177 quae
1086 1092 1285 1158 ceteri
1332 1092 1628 1157 miserias
1672 1097 1936 1178 vocant,
1991 1095 2214 1178 volup-

190 1178 324 1242 tati
367 1179 705 1264 habuisse3
759 1179 890 1243 nisi
936 1182 1157 1245 tamen
1210 1201 1314 1244 res
1359 1180 1623 1264 publica
1665 1179 2034 1276 paritersac
2079 1204 2214 1247 sae-

192 1267 489 1331 vissumo
532 1267 811 1350 imperio
851 1268 1014 1332 bene
1060 1272 1257 1352 atque
1302 1268 1533 1332 decore
1578 1271 1782 1354 gesta.

328 1353 547 1439 Igitur
600 1358 837 1439 quarto
892 1356 1168 1439 denique
1223 1356 1326 1420 die
1380 1356 1556 1420 haud
1600 1356 1794 1441 longe
1840 1357 1924 1421 ab
1973 1358 2211 1441 oppido
2244 1356 2367 1421 101

192 1440 383 1508 cirta
426 1442 709 1526 undique
756 1443 950 1507 simul
997 1444 1437 1528 speculatores
1484 1443 1601 1508 citi
1646 1465 1787 1508 sese
1843 1445 2214 1529 ostendunt,

194 1551 328 1615 qua
381 1551 452 1594 re
504 1530 717 1595 hostis
784 1530 1008 1596 adesse
1069 1531 1493 1617 intellegitur.
1583 1532 1697 1596 sed
1759 1532 1915 1616 quia
1971 1496 2215 1596 divorsi
2252 1546 2284 1595 2

192 1618 540 1684 redeuntes
578 1618 744 1684 alius
790 1620 873 1684 ab
911 1619 1041 1683 alia
1075 1624 1272 1704 parte
1307 1624 1504 1704 atque
1550 1641 1774 1685 omnes
1809 1620 1984 1684 idem
2019 1620 2216 1707 signi-

192 1706 503 1789 ficabant,
542 1707 766 1771 consul
800 1708 1108 1798 incertuS,
1148 1730 1432 1791 quonam
1469 1709 1662 1773 modo
1699 1709 1906 1774 aciem
1940 1709 2215 1774 instrue-

191 1798 315 1878 ret,
364 1793 548 1859 nullo
595 1794 818 1859 ordine
847 1758 1243 1860 conmutato
1291 1797 1638 1860 advorsum
1685 1796 1902 1861 omnia
1945 1801 2212 1881 paratus

191 1881 440 1947 ibidem
486 1882 839 1967 opperitur.
927 1883 1026 1947 ita
1070 1882 1462 1968 Iugurtham
1508 1905 1656 1968 spes
1700 1884 2046 1968 frustrata,
2101 1884 2213 1967 qui
2249 1899 2282 1947 3

194 1970 419 2054 copias
465 1970 536 2033 ιιι
579 1973 891 2055 quattuor
933 1971 1142 2055 partis
1189 1971 1630 2057 distribuerat,
1674 1975 1859 2037 ratus
1897 1994 1976 2036 ex
2013 1972 2214 2038 omni-

191 2060 319 2123 bus
357 2079 561 2142 aeque
599 2059 852 2142 aliquos
889 2059 972 2122 ab
999 2062 1197 2145 tergo
1232 2058 1538 2123 hostibus
1566 2064 1894 2126 venturos.
1948 2060 2213 2125 interim
2250 2074 2284 2122 4

196 2144 399 2230 Sulla,
439 2167 632 2229 quem
666 2147 951 2230 primum
976 2146 1200 2211 hostes
1230 2147 1608 2233 attigerant,
1645 2148 2025 2213 cohortatus
2059 2170 2211 2213 suos

193 2234 541 2299 turmatim
585 2237 653 2298 et
699 2256 894 2317 quam
939 2256 1239 2300 maxume
1286 2235 1598 2302 confertis
1650 2236 1833 2319 equis
1887 2236 2028 2319 ipse
2076 2236 2213 2299 alii-

195 2344 322 2407 que
387 2321 653 2386 Mauros
715 2322 1058 2407 invadunt,
1124 2324 1324 2388 ceteri
1386 2323 1458 2387 in
1516 2323 1663 2387 loco
1726 2326 2063 2387 manentes
2129 2323 2210 2386 ab

192 2408 428 2476 iaculis
484 2410 735 2475 eminus
789 2411 1044 2475 emissis
1101 2432 1376 2495 corpora
1428 2414 1649 2496 tegere
1704 2413 1797 2494 et,
1860 2409 1918 2474 si
1978 2410 2090 2493 qui
2143 2411 2214 2473 in

194 2519 430 2562 manus
474 2502 815 2582 venerant,
878 2499 1285 2563 obtruncare.
1377 2499 1531 2563 dum
1588 2520 1665 2563 eo
1710 2497 1904 2562 modo
1959 2497 2211 2580 equites
2250 2512 2282 2559 5

193 2586 618 2670 proeliantur,
662 2585 960 2650 Bocchus
999 2608 1147 2651 cum
1183 2586 1531 2670 peditibus,
1578 2607 1739 2687 quos
1769 2584 2003 2669 Volux,
2038 2584 2213 2650 fflius

194 2673 357 2757 eius,
404 2672 757 2737 adduxerat
799 2695 1010 2757 neque
1046 2674 1117 2737 ιιι
1146 2674 1364 2757 priore
1407 2695 1645 2759 pugna,
1688 2674 1760 2738 in
1802 2673 2037 2739 itinere
2081 2695 2214 2756 mo-

196 2761 357 2844 rati,
417 2760 783 2845 adfuerant,
845 2765 1245 2846 postremam
1290 2761 1736 2827 Romanorum
1781 2763 1986 2828 aciem
2039 2762 2215 2827 inva-

196 2850 377 2913 dunt.
468 2851 610 2913 tum
654 2848 901 2914 Marius
947 2851 1118 2933 apud
1161 2850 1409 2933 primos
1455 2851 1712 2935 agebat,
1759 2852 1931 2934 quod
1973 2850 2069 2915 ibi
2114 2850 2215 2915 Ιιι-
2253 2867 2284 2915 6

195 2936 462 3022 gurtha,
515 2958 662 3001 cum
731 2937 1051 3021 plurumis
1125 2941 1282 3002 erat.
1391 2938 1540 3001 dein
1600 2936 1887 3002 Numida
1949 2938 2214 3023 cognito

194 3023 446 3089 Bocchi
491 3026 771 3089 adventu
818 3025 986 3091 clam
1023 3047 1171 3089 cum
1205 3025 1430 3108 paucis
1467 3025 1548 3087 ad
1581 3025 1832 3108 pedites
1871 3026 2213 3091 convortit.

195 3112 294 3176 ibi
331 3110 566 3177 Latine
613 3109 792 3198 (nam
838 3113 1008 3196 apud
1043 3111 1471 3177 Numantiam
1507 3112 1689 3195 loqui
1726 3111 2065 3199 didicerat)
2113 3135 2215 3177 ex-

197 3200 442 3265 clamat
497 3203 760 3265 nostros
813 3200 1061 3265 frustra
1102 3221 1422 3285 pugnare,
1484 3199 1680 3282 paulo
1737 3203 1886 3263 ante
1932 3199 2215 3265 Marium

197 3309 320 3353 sua
375 3308 571 3352 manu
625 3287 1059 3352 interfectum.
1151 3287 1346 3351 simul
1401 3287 1691 3372 gladium
1747 3288 2060 3372 sanguine
2106 3288 2214 3352 ob-

196 3375 394 3439 litum
440 3376 805 3458 ostendere,
864 3397 1056 3459 quem
1100 3375 1172 3439 in
1214 3396 1437 3460 pugna
1491 3375 1653 3439 satis
1698 3374 1954 3459 inpigre
2001 3375 2214 3440 occiso

194 3463 418 3547 pedite
451 3467 682 3528 nostro
722 3465 1188 3529 cruentaverat.
1253 3465 1428 3545 quod
1462 3463 1578 3527 ubi
1614 3462 1856 3526 milites
1895 3479 2283 3546 accepere,

197 3551 410 3637 magis
440 3551 788 3616 atrocitate
815 3550 912 3614 rei
931 3571 1126 3633 quam
1152 3549 1278 3614 fide
1295 3551 1514 3615 nuntii
1531 3553 1875 3636 terrentur,
1894 3551 2215 3635 simulque

306 3661 626 3704 sunus-rma.
1863 3659 1897 3709 8
