2650 4059
501 280 627 344 118
863 307 872 315 ·
1158 278 1214 334 C.
1252 277 1591 334 SALLUSTI
1625 278 1855 333 CRISPI

495 425 772 510 invadit3
831 424 1087 490 credere
1115 457 1120 461 ·
1147 445 1216 487 se
1258 423 1557 507 proditos
1603 444 1644 487 a
1685 421 1934 489 Voluce
1978 427 2046 488 et
2089 423 2352 500 insidiis
2401 425 2501 489 cir

499 516 894 578 cumventos.
976 533 1051 577 ac
1095 511 1275 576 fuere
1320 510 1435 596 qui
1478 511 1768 577 dicerent
1813 533 2009 576 manu
2050 511 2523 577 vindicandum

496 623 705 684 neque
732 601 902 685 apud
936 600 1125 664 illum
1160 602 1420 664 tantum
1456 599 1663 666 scelus
1690 599 1974 701 inultum
1997 600 2521 683 relinquendum.

345 686 471 753 ¹⁰⁷
498 686 2087 860 fflififfanaaffiffiqffiffifffflssuffifflssffiff’
2113 689 2521 848 322ssoess

499 865 788 929 animum
824 866 1147 950 gererent:
1181 884 1384 947 saepe
1427 866 1577 927 ante
1615 885 1654 926 a
1687 863 1912 947 paucis
1957 864 2241 928 strenuis
2289 865 2520 930 advor-
2562 923 2565 924 γ

500 974 645 1017 sum
707 951 1190 1016 multitudinem
1251 951 1416 1015 bene
1477 949 1869 1036 pugnatum3
1939 955 2184 1036 quanto
2249 953 2384 1017 sibi
2450 954 2521 1017 in

498 1040 747 1125 proelio
793 1039 1006 1104 minus
1057 1038 1526 1123 pepercissent,
1590 1041 1776 1103 tanto
1832 1038 2108 1104 tutiores
2162 1038 2332 1125 fore3
2398 1063 2519 1106 nec

502 1149 891 1212 quemquam
936 1127 1184 1210 decere,
1240 1127 1354 1212 qui
1395 1147 1626 1190 manus
1673 1127 2047 1212 armaverit,
2101 1127 2183 1192 ab
2243 1128 2519 1194 inermis

497 1216 772 1300 pedibus
819 1215 1130 1280 auxilium
1172 1218 1421 1299 petere,
1465 1214 1537 1278 in
1580 1236 1884 1279 maxumo
1929 1218 2111 1280 metu
2151 1215 2409 1281 nudum
2454 1221 2522 1282 et

430 1318 462 1366 2
501 1325 763 1369 caecum
799 1325 1032 1387 corpus
1070 1303 1152 1367 ad
1186 1302 1398 1367 hostis
1433 1305 1708 1367 vortere.
1764 1302 1915 1367 dein
1940 1301 2278 1388 Volucem,
2315 1326 2521 1389 quon-

500 1392 632 1456 iam
675 1391 945 1456 hostilia
987 1390 1259 1473 faceret,
1303 1390 1527 1455 Iovem
1571 1412 1946 1455 maxumum
1992 1392 2399 1476 obtestatus,
2445 1398 2521 1458 ut

501 1480 762 1545 sceleris
790 1483 986 1563 atque
1020 1478 1337 1563 perfidiae.
1353 1477 1598 1543 Bocchi
1634 1478 1825 1543 testis
1863 1478 2137 1564 adesset,
2172 1501 2251 1544 ex
2279 1482 2519 1546 castris

428 1583 461 1631 3
500 1568 679 1633 abire
742 1568 941 1632 iubet.
1031 1567 1143 1631 ille
1203 1566 1571 1631 lacrumans
1636 1588 1850 1651 orare,
1910 1588 1994 1631 ne
2053 1588 2131 1631 ea
2193 1569 2518 1634 crederet:

499 1655 665 1719 nihil
710 1655 861 1719 dolo
906 1654 1173 1737 factum,
1219 1676 1293 1719 ac
1339 1654 1548 1740 magis
1585 1653 1942 1719 calliditate
1978 1654 2369 1741 Iugurthae,
2415 1659 2520 1723 cui

431 1758 465 1806 4
503 1743 802 1807 videlicet
856 1741 1217 1827 speculanti
1269 1743 1399 1807 iter
1431 1761 1633 1806 ‘suum
1678 1742 2023 1828 ‚cognitum
2066 1746 2259 1807 esset.
2352 1748 2520 1810 cete-

502 1852 644 1895 rum
701 1831 1008 1916 quoniam
1058 1851 1267 1913 neque
1317 1830 1656 1916 ingentem
1710 1830 2199 1895 multitudinem
2240 1831 2521 1900 haberet

503 1922 570 1983 et
615 1940 760 2003 spes
809 1940 1090 2002 opesque
1136 1918 1286 1982 eius'
1319 1940 1400 1983 ex
1441 1921 1629 2002 patre
1676 1939 1794 1984 suo
1839 1918 2211 2002 penderent,
2255 1921 2519 1986 credere

2613 1957 2615 2016 A

500 2005 688 2070 illum
731 2006 897 2070 nihil
940 2006 1157 2089 palam
1204 2027 1528 2089 ausurum,
1575 2028 1723 2071 cum
1767 2007 1906 2090 ipse
1950 2006 2126 2070 filius
2171 2009 2370 2072 testis
2419 2010 2518 2075 ad·
2612 2087 2613 2108 Χ

432 2108 464 2157 5
502 2097 690 2159 esset.
783 2116 910 2178 qua
954 2116 1023 2158 re
1055 2096 1412 2177 ‘optumum
1464 2093 1644 2158 factu
1696 2093 1903 2158 videri
1955 2116 2074 2177 per
2116 2095 2334 2160 media
2381 2097 2515 2162 eius

501 2185 718 2247 castra
760 2183 978 2267 palam
1022 2181 1328 2267 transire3
1387 2203 1528 2246 sese
1562 2182 1667 2245 vel
1710 2177 2086 2266 praemissis
2121 2182 2226 2247 vel
2273 2184 2515 2250 ibidem
2609 2175 2611 2202 ⁴

432 2287 463 2335 6
500 2270 748 2350 relictis
794 2270 1040 2336 Mauris
1086 2270 1299 2335 solum
1360 2291 1507 2334 cum
1555 2266 1739 2333 Sulla
1788 2270 2054 2334 iturum.
2134 2265 2222 2334 ‘ea
2266 2294 2376 2337 res
2420 2274 2516 2338 uti
2608 2265 2609 2294 ³

498 2358 570 2423 in
614 2359 735 2423 tali
786 2359 1053 2444 negotio
1107 2358 1413 2442 probata3
1476 2378 1553 2422 ac
1597 2357 1828 2422 statim
1869 2357 2174 2442 profecti,
2232 2361 2393 2442 quia
2443 2362 2512 2425 de
2606 2375 2607 2388 ¹

499 2446 830 2530 inproviso
878 2447 1260 2529 acciderant,
1305 2442 1503 2510 dubio
1550 2448 1747 2529 atque
1790 2445 2158 2511 haesitante
2191 2445 2513 2533 Iugurtha
2604 2461 2605 2480 ³

431 2552 461 2599 '1
498 2534 856 2600 incolumes
901 2538 1259 2599 transeunt.
1324 2533 1552 2597 deinde
1588 2532 1814 2617 paucis
1851 2533 2078 2599 diebus
2121 2555 2254 2618 quo
2291 2536 2392 2601 ire
2429 2537 2514 2602 in-
2600 2565 2603 2608 ῃ

499 2623 861 2704 tenderant,
903 2624 1287 2705 perventum
1337 2624 1455 2685 est.

346 2710 472 2776 108
631 2709 736 2773 Ibi
792 2730 938 2773 cum
991 2706 1251 2772 Boccho
1306 2706 1594 2774 Numida
1658 2709 1920 2793 quidam
1972 2673 2197 2792 Aspar⁸
2252 2713 2513 2778 nomine
2598 2717 2599 2758 ³

499 2797 781 2860 multum
808 2799 876 2859 et
897 2794 1309 2860 familiariter
1337 2798 1594 2882 agebat,
1629 2797 2025 2881 praemissus
2064 2797 2146 2861 ab
2174 2796 2512 2886 Iugurtha,
2596 2799 2597 2802 ’

497 2888 848 2969 postquam
896 2881 1145 2948 Sullam
1190 2884 1473 2949 accitum
1518 2885 1830 2968 audierat,
1877 2888 2100 2949 orator
2135 2889 2206 2950 et
2242 2888 2510 2955 subdole
2592 2963 2593 2966 Ἴ

499 2971 904 3055 speculatum
946 2970 1191 3037 Bocchi
1236 2972 1534 3058 consilia3
1591 2976 1928 3056 praeterea
1971 2969 2219 3059 Dabar,
2256 2974 2510 3043 Massu-

499 3059 733 3146 gradae
777 3059 971 3143 filius,
1016 3081 1095 3123 ex
1139 3063 1333 3146 gente
1377 3059 1779 3145 Masinissae,
1825 3064 2113 3126 ceterum
2157 3061 2351 3145 inpar
2387 3087 2509 3130 ma-

498 3150 686 3212 terno
724 3168 957 3233 genere
996 3144 1174 3233 (nam
1208 3151 1398 3231 pater
1433 3148 1571 3212 eius
1609 3170 1688 3213 ex
1724 3149 2084 3214 concubina
2111 3153 2297 3215 ortus
2327 3152 2510 3238 erat),

429 3252 461 3300 2
498 3234 729 3300 Mauro
769 3236 851 3300 ob
887 3235 1109 3322 ingeni
1144 3235 1355 3299 multa
1389 3236 1561 3300 bona
1599 3258 1783 3300 carus
1822 3240 2274 3322 acceptusque.
2321 3262 2508 3324 quem

497 3322 795 3388 Bocchus
850 3323 1050 3387 fidum
1096 3344 1236 3387 esse
1291 3322 1607 3388 Romanis
1667 3324 1892 3388 multis
1958 3328 2108 3389 ante
2162 3329 2507 3411 tempesta-

499 3412 677 3476 tibus
724 3414 1027 3495 expertus
1072 3411 1224 3475 ilico
1271 3411 1356 3475 ad
1403 3409 1652 3477 Sullam
1695 3412 2073 3477 nuntiatum
2118 3413 2362 3480 mittit:
2406 3440 2505 3502 pa-

498 3502 714 3563 ratum
760 3520 901 3563 sese
946 3498 1160 3563 facere
1207 3519 1372 3583 quae
1408 3501 1688 3584 populus
1724 3499 2058 3565 Romanus
2096 3502 2324 3569 vellet:
2371 3528 2504 3571 con-

498 3587 719 3670 loquio
747 3587 918 3652 diem
953 3587 1171 3652 locum
1196 3589 1456 3670 tempus
1482 3587 1623 3672 ipse
1651 3588 1995 3673 delegeret.
2042 3591 2346 3657 consulto
2374 3615 2506 3659 sese
