2650 4059
634 255 927 311 BELLUM
963 255 1366 311 CATILINAE·
1394 274 1441 312 c.
1478 264 1705 313 20—22.
2099 260 2181 325 13

150 404 281 469 fica
336 401 552 487 magis
600 393 797 485 quam
851 367 1062 466 oratio
1110 423 1255 466 mea
1300 424 1416 466 vos
1461 402 1827 468 hortantur.
1918 403 2020 467 vel
2065 404 2182 468 im·
2221 422 2285 470 16

151 495 461 577 peratore
515 488 620 554 vel
666 488 875 553 milite
922 511 1025 553 me
1069 489 1358 553 utimini.
1411 511 1620 573 neque
1668 492 1920 555 animus
1966 513 2174 575 neque

152 600 399 663 corpus
427 599 467 642 a
491 577 679 642 vobis
697 576 931 663 aberit.
980 576 1184 641 haec
1167 599 1327 661 ipsa,
1355 581 1431 641 ut
1459 599 1668 662 spero,
1694 579 2033 643 vobiscum
2050 602 2181 644 una
2220 597 2284 645 17

150 667 392 732 consul
429 687 639 751 agam,
672 665 803 729 nisi
838 664 1008 729 forte
1047 686 1150 728 me
1188 665 1443 730 animus
1479 665 1654 729 fallit
1691 670 1757 730 et
1793 688 1909 730 vos
1938 667 2178 731 servire

153 754 374 840 magis
419 775 618 837 quam
661 754 980 836 imperare
1024 752 1240 835 parati
1285 751 1487 817 estis?

262 842 656 925 Postquam
711 861 1012 924 accepere
1067 862 1145 904 ea
1195 840 1519 925 homines,
1575 842 1811 925 quibus
1857 843 2029 906 mala
2074 842 2180 907 ab·
2200 846 2281 910 21

152 910 331 996 unde
397 928 617 995 omnia
678 932 888 1013 erant,
952 928 1064 992 sed
1124 949 1333 1017 neque
1388 950 1491 993 res
1545 951 1753 1013 neque
1810 951 1957 1014 spes
2007 930 2181 994 bona

153 1019 317 1102 ulla,
362 1017 629 1082 tametsi
675 1016 808 1080 illis
856 1015 1078 1099 quieta
1131 1037 1389 1081 movere
1440 1039 1678 1103 magna
1722 1039 1965 1082 merces
2009 1018 2181 1081 ¹vide·

154 1108 383 1189 batur,
418 1109 637 1169 tamen
671 1103 1082 1188 postulavere
1119 1104 1429 1204 plerique,
1464 1109 1540 1168 ut
1567 1109 1977 1206 proponeret,
2015 1127 2178 1189 quae

155 1194 458 1261 condicio
495 1192 653 1257 belli
689 1191 878 1275 foret,
916 1213 1079 1292 quae
1114 1192 1406 1275 praemia
1441 1194 1639 1257 armis
1672 1196 1987 1277 peterent,
2027 1193 2181 1277 quid

162 1282 408 1365 ubique
456 1280 598 1364 opis
645 1283 759 1343 aut
800 1280 939 1363 spei
984 1279 1315 1344 haberent.
1391 1284 1533 1344 tum
1570 1279 1854 1346 Catilina
1888 1281 2179 1364 polliceri
2217 1302 2249 1349 2

156 1370 428 1435 tabulas
481 1389 711 1451 novas,
755 1367 1300 1451 proscriptionem
1345 1367 1795 1451 locupletium,
1841 1369 2182 1453 magistra-

158 1462 276 1522 tus
323 1456 703 1539 sacerdotia,
748 1455 1008 1538 rapinas
1055 1454 1185 1518 alia
1220 1455 1456 1539 omnia,
1503 1476 1666 1538 quae
1703 1457 1948 1520 bellum
1985 1460 2180 1538 atque

160 1545 392 1610 lubido
436 1544 759 1609 victorum
804 1542 957 1607 fert:
1002 1546 1339 1626 praeterea
1384 1564 1523 1607 esse
1569 1543 1639 1607 in
1672 1542 1993 1627 Hispania
2031 1546 2182 1607 cite-
2219 1568 2250 1614 3

163 1634 339 1698 riore
375 1631 699 1715 Pisonem,
741 1630 813 1696 111
848 1629 1255 1695 Mauretania
1291 1653 1439 1695 cum
1476 1632 1763 1696 exercitu
1797 1631 1869 1696 P.
1911 1629 2181 1695 Sittium

170 1720 595 1803 Nucerinum,
650 1718 880 1784 consili
931 1718 1033 1782 sui
1076 1718 1457 1802 participes3
1508 1724 1727 1803 petere
1774 1720 2185 1784 consulatum

160 1808 237 1875 C.
285 1807 675 1891 Antonium,
731 1828 923 1890 quem
968 1805 1097 1870 sibi
1143 1806 1479 1892 conlegam
1523 1806 1663 1872 fore
1710 1811 2028 1891 speraret,
2070 1807 2184 1872 ho-

165 1897 412 1961 minem
458 1899 525 1960 et
568 1894 957 1959 familiarem
1003 1897 1071 1958 et
1109 1894 1409 1958 omnibus
1446 1895 2029 1960 necessitudinibus
2068 1895 2184 1959 cir-

160 1987 615 2066 cumventum3
653 2004 800 2047 cum
836 2003 913 2046 eo
951 2003 1019 2046 se
1056 1982 1388 2047 consulem
1424 1981 1685 2047 initium
1713 1983 1955 2068 agundi
1981 1982 2183 2047 factu·

166 2093 332 2138 rum.
443 2071 525 2135 ad
592 2071 717 2135 hoc
788 2068 1152 2134 maledictis
1227 2069 1607 2154 increpabat
1679 2071 1889 2136 omnis
1961 2072 2185 2153 bonos,
2221 2093 2256 2140 4

164 2182 438 2226 suorum
481 2180 684 2223 unum
729 2179 1046 2241 quemque
1082 2157 1425 2222 nominans
1460 2158 1750 2223 laudare.
1796 2159 2186 2223 admonebat

161 2249 374 2314 alium
421 2247 748 2348 egestatis
779 2245 981 2309 alium
1027 2245 1401 2329 cupiditatis
1441 2267 1613 2330 suae,
1659 2246 1986 2330 conpluris
2022 2246 2188 2330 peri-

164 2336 299 2401 culi
347 2339 464 2399 aut
509 2333 919 2420 ignominiae,
964 2334 1207 2398 multos
1243 2334 1555 2398 victoriae
1593 2332 1913 2419 Sullanae,
1950 2335 2184 2417 quibus

163 2447 249 2489 ea
292 2423 569 2507 praedae
612 2422 843 2497 fuerat.
932 2424 1282 2505 postquam
1328 2421 1617 2486 omnium
1663 2421 1914 2486 animos
1952 2421 2185 2486 alacris
2223 2443 2255 2491 5

167 2511 368 2595 videt,
414 2510 813 2593 cohortatuS,
856 2513 933 2573 ut
975 2509 1363 2593 petitionem
1400 2530 1584 2573 suam
1622 2530 1811 2573 curae
1852 2509 2185 2592 haberent,

169 2602 564 2665 conventum
609 2597 873 2662 dimisit.
961 2596 1140 2661 fuere
1187 2619 1264 2662 ea
1285 2600 1700 2698 tempestate
1748 2597 1859 2681 qui
1901 2597 2186 2662 dicerent
2204 2604 2292 2668 22

165 2686 525 2753 Catilinam
563 2686 855 2750 oratione
891 2685 1136 2768 habita,
1174 2707 1320 2750 cum
1353 2685 1489 2749 ad
1471 2707 1572 2750 ius
1609 2686 1952 2750 iurandum
1987 2708 2187 2770 popu-

170 2775 330 2840 laris
379 2774 642 2839 sceleris
680 2773 781 2838 sui
819 2772 1128 2857 adigeret,
1171 2774 1441 2837 humani
1478 2774 1766 2858 corporis
1806 2775 2189 2860 sanguinem

171 2863 324 2928 vino
387 2862 782 2945 permixtum
842 2862 911 2926 in
973 2861 1217 2943 pateris
1274 2860 1775 2927 circumtulisse.
1837 2862 1986 2928 inde
2041 2884 2189 2928 cum
2225 2884 2256 2930 2

170 2954 326 3035 post
372 2949 845 3014 execrationem
883 2969 1106 3013 omnes
1144 2949 1683 3033 degustavissent,
1729 2950 1924 3015 sicuti
1960 2951 2028 3014 in
2065 2951 2189 3015 sol-

171 3037 496 3103 lemnibus
562 3037 764 3101 sacris
826 3036 969 3100 fieri
1027 3036 1387 3120 consuevit,
1452 3038 1780 3120 aperuisse
1845 3038 2190 3102 consilium

170 3147 394 3208 suum3
432 3128 628 3208 atque
665 3146 740 3189 eo
770 3124 1069 3189 dictitare
1097 3123 1348 3208 fecisse,
1385 3145 1512 3207 quo
1540 3124 1713 3189 inter
1740 3146 1808 3189 se
1835 3125 1950 3189 fidi
1978 3126 2187 3210 magis

172 3213 392 3278 forent
429 3212 595 3276 alius
635 3212 747 3275 alii
784 3212 954 3276 tanti
988 3211 1295 3276 facinoris
1335 3212 1595 3277 conscii.
1666 3233 1800 3276 non
1834 3212 1999 3276 nulli
2034 3213 2191 3278 ficta
2226 3233 2257 3280 3

169 3305 243 3366 et
296 3301 458 3365 haec
503 3303 572 3364 et
618 3300 826 3363 multa
869 3303 1207 3383 praeterea
1251 3301 1735 3364 existumabant
1781 3301 1864 3364 ab
1910 3300 2031 3385 eis,
2078 3302 2190 3385 qui

171 3386 508 3454 Ciceronis
552 3387 879 3471 invidiam,
927 3408 1090 3470 quae
1133 3391 1366 3470 postea
1409 3391 1556 3452 orta
1592 3391 1710 3471 est,
1754 3387 1944 3453 leniri
1981 3390 2191 3453 crede-

173 3476 336 3540 bant
392 3473 739 3539 atrocitate
794 3475 1057 3540 sceleris
1104 3496 1356 3559 eorum,
1410 3476 1523 3559 qui
1575 3497 1836 3560 poenas.
1864 3476 2191 3541 dederant.

174 3563 363 3630 uobis
430 3584 508 3627 ea
569 3583 673 3626 res
731 3583 850 3645 pro
896 3563 1358 3647 ‘magnitudine
1414 3585 1644 3648 parum
1699 3568 2010 3648 conperta
2071 3569 2190 3630 est.
