2650 4059
713 259 1006 315 BELLUM
1041 258 1435 314 CATILINAE
1471 276 1517 316 c.
1556 265 1783 318 38—42.
2168 261 2254 327 23

237 426 468 470 casum
540 403 864 487 requirere
929 404 1170 487 coepit,
1234 425 1426 486 quem
1493 403 1738 468 exitum
1802 404 2003 468 tantis
2063 405 2252 469 malis

238 495 600 577 sperarent.
662 495 1012 575 postquam
1057 490 1206 556 illos
1252 491 1430 555 videt
1468 491 1652 575 queri
1697 492 1774 555 de
1811 492 2088 556 avaritia
2123 515 2253 562 ma·
2290 510 2321 556 3

236 581 660 665 gistratuum,
705 600 1005 644 accusare
1053 582 1367 662 senatum,
1415 580 1588 661 quod
1632 580 1701 643 in
1738 601 1813 644 eo
1852 579 2050 643 auxili
2085 580 2251 644 nihil

237 672 444 750 esset,
498 665 777 730 miseriis
825 666 959 730 suis
1006 667 1361 730 remedium
1406 671 1685 731 mortem
1739 670 2104 751 expectare,
2158 666 2253 732 ‘at

238 754 387 841 ego'
436 754 651 837 inquit
687 752 913 837 ‘vobiS,
961 754 1017 817 si
1063 755 1252 819 modo
1300 754 1424 818 viri
1468 776 1610 818 esse
1655 755 1880 838 voltis,
1933 755 2252 819 rationem

240 842 611 924 ostendam,
666 862 793 926 qua
848 844 1034 905 tanta
1084 842 1216 906 ista
1261 842 1434 906 mala
1479 842 1845 927 effugiatis'.
1932 843 2093 907 haec
2137 843 2250 907 ubi
2288 861 2321 907 4

239 929 436 1013 dixit,
483 928 874 1013 Allobroges
919 929 988 992 in
1033 950 1402 993 maxumam
1449 951 1630 1012 spem
1677 931 1937 994 adducti
1982 930 2251 995 Umbre-

236 1039 399 1081 num
465 1038 674 1100 orare,
736 1020 811 1080 ut
870 1016 971 1080 sui
1030 1017 1474 1081 misereretur:
1536 1017 1701 1081 nihil
1762 1023 1897 1082 tam
1952 1040 2253 1101 asperum

237 1127 452 1187 neque
489 1107 627 1172 tam
663 1104 925 1168 difficile
964 1125 1121 1187 esse,
1169 1106 1341 1189 quod
1375 1127 1509 1170 non
1546 1105 1976 1187 cupidissume
2014 1106 2252 1171 facturi

239 1195 489 1275 essent,
552 1193 705 1255 dum
757 1213 844 1255 -ea
889 1204 992 1256 r'es
1049 1191 1379 1257 civitatem
1443 1214 1588 1256 aere
1653 1192 1862 1258 alieno
1927 1193 2248 1258 liberaret.

239 1280 354 1344 ille
401 1300 512 1343 eos
557 1280 626 1342 in
670 1280 933 1344 domum
976 1279 1057 1344 D.
1101 1280 1292 1343 Bruti
1336 1281 1657 1363 perducit,
1703 1282 1874 1363 quod
1918 1281 2061 1346 foro
2106 1304 2250 1365 pro·
2289 1299 2319 1346 5

240 1368 491 1451 pinqua
527 1371 666 1431 erat
708 1389 917 1451 neque
963 1368 1175 1432 aliena
1212 1367 1441 1433 consili
1476 1372 1744 1451 propter
1774 1366 2250 1453 Semproniam3

239 1477 397 1519 nam
453 1458 595 1518 tum
638 1454 884 1519 Brutus
948 1456 1030 1520 ab
1086 1456 1297 1520 Roma
1351 1456 1590 1519 aberat.
1679 1459 2036 1537 praeterea.
2059 1454 2250 1520 Gabi·
2288 1475 2318 1522 6

240 1542 427 1607 nium
473 1542 766 1625 arcessit,
823 1563 967 1626 quor
999 1542 1207 1607 maior
1252 1543 1608 1608 auctoritas
1663 1542 1947 1607 sermoni
1990 1543 2249 1608 inesset.

240 1652 319 1694 eo
384 1633 722 1713 praesente
787 1629 1297 1696 coniurationem
1362 1630 1601 1714 aperit,
1662 1630 1957 1695 nominat
2020 1630 2251 1714 socios,

240 1721 584 1802 praeterea
610 1718 851 1782 multos
890 1717 1197 1802 cuiusque
1227 1720 1482 1803 generis
1510 1718 1824 1801 innoxios,
1858 1740 1984 1801 quo
2012 1718 2248 1803 legatis

239 1805 500 1869 animus
556 1806 831 1888 amplior
877 1810 1064 1869 esset.
1155 1806 1382 1870 deinde
1442 1828 1549 1871 eos
1603 1805 1930 1888 pollicitos
1986 1828 2250 1888 operam

238 1915 432 1957 suam
477 1893 738 1957 domum
784 1892 1076 1957 dimittit.
1142 1893 1252 1957 sed
1297 1892 1686 1979 Allobroges
1735 1893 1844 1957 diu
1888 1894 1957 1957 in
2000 1893 2247 1958 incerto
2267 1897 2349 1959 41

239 1980 558 2064 habuere,
621 1980 927 2063 quidnam
981 1979 1210 2045 consili
1266 1984 1585 2064 caperent
1682 1981 1752 2044 in
1805 1981 2011 2045 altera
2062 1985 2247 2064 parte
2285 1999 2317 2046 2

242 2071 386 2132 erat
432 2090 540 2132 aes
587 2068 885 2152 alienum,
931 2068 1218 2132 studium
1263 2068 1439 2152 belli,
1485 2089 1723 2153 magna
1758 2090 2002 2133 merces
2031 2068 2100 2131 in
2137 2090 2249 2151 spe

242 2155 574 2238 victoriae,
619 2159 689 2219 at
733 2156 802 2220 in
847 2156 1054 2219 altera
1089 2156 1366 2220 maiores
1406 2177 1579 2238 opes,
1626 2160 1770 2219 tuta
1798 2156 2084 2239 consilia,
2128 2179 2248 2239 pro

112 2264 141 2293 ·
241 2245 493 2308 incerta
536 2265 649 2326 spe
695 2247 872 2307 certa
913 2245 1218 2327 praemia.
1282 2244 1443 2308 haec
1488 2242 1619 2307 illis
1655 2244 2065 2307 volventibus
2112 2248 2249 2308 tan·
2286 2264 2316 2310 3

242 2331 390 2394 dem
427 2330 584 2394 vicit
618 2329 882 2395 fortuna
908 2332 1002 2395 rei
1027 2331 1343 2414 publicae.
1389 2331 1609 2414 itaque
1639 2330 1713 2406 Q.
1740 2329 1946 2394 Fabio
1978 2329 2249 2415 Sangae,
2287 2351 2319 2396 4

242 2418 426 2482 cuius
454 2418 815 2500 patrocinio
836 2419 1066 2485 civitas
1083 2420 1458 2502 plurumum
1477 2418 1801 2500 utebatur,
1828 2438 1965 2480 rem
1992 2439 2249 2482 omnem

242 2506 342 2571 uti
381 2510 836 2590 cognoverant,
874 2507 1187 2590 aperiunt.
1252 2504 1476 2570 Cicero
1512 2526 1628 2588 per
1658 2503 1942 2589 Sangam
1978 2505 2248 2570 consilio
2288 2523 2318 2571 5

242 2593 509 2678 cognito
572 2592 810 2678 legatis
872 2595 1230 2678 praecepit,
1295 2598 1370 2658 ut
1434 2593 1721 2657 studium
1785 2592 2246 2658 coniurationis

241 2681 656 2745 vehementer
683 2680 1008 2764 simulent,
1045 2685 1294 2746 ceteros
1333 2682 1586 2763 adeant,
1622 2682 1782 2745 bene
1818 2680 2250 2764 polliceantur

243 2770 524 2852 dentque
584 2790 873 2852 operam,
934 2769 1033 2832 uti
1088 2791 1197 2834 eos
1254 2791 1449 2852 quam
1513 2790 1808 2833 maxume
1868 2767 2248 2834 manifestos

242 2856 543 2920 habeant.

375 2941 590 3006 Isdem
647 2942 780 3006 fere
835 2943 1237 3026 temporibus
1302 2944 1374 3007 in
1434 2941 1648 3007 Gallia
1701 2943 1999 3008 citeriore
2055 2948 2248 3026 atque
2268 2945 2353 3008 42

244 3029 577 3112 ulteriore,
620 3030 781 3093 item
822 3030 894 3094 in
938 3051 1096 3115 agro
1143 3030 1380 3095 Piceno
1426 3030 1689 3094 Bruttio
1736 3030 1977 3113 Apulia
2030 3034 2247 3095 motus

243 3120 402 3181 erat.
489 3138 766 3200 namque
820 3118 945 3201 illi,
1002 3139 1162 3202 quos
1218 3121 1369 3182 ante
1417 3116 1701 3182 Catilina
1745 3116 2102 3200 dimiserat,
2156 3118 2249 3181 in-
2286 3135 2316 3181 2

246 3204 538 3270 consulte
566 3226 641 3269 ac
666 3205 869 3269 veluti
895 3228 1012 3289 per
1039 3205 1429 3270 dementiam
1458 3209 1691 3269 cuncta
1727 3203 1918 3267 simul
1944 3205 2248 3291 agebant.

243 3291 577 3357 nocturnis
625 3292 942 3378 consiliis,
995 3315 1326 3358 armorum
1372 3296 1566 3374 atque
1613 3292 1892 3356 telorum
1935 3292 2249 3375 portatio-

242 3380 462 3462 nibus,
516 3379 879 3446 festinando
927 3380 1234 3465 agitando
1282 3379 1502 3443 omnia
1544 3380 1691 3463 plus
1738 3379 1992 3444 timoris
2054 3402 2248 3463 quam

245 3467 514 3551 periculi
553 3467 908 3533 effecerant.
972 3489 1050 3531 ex
1076 3489 1152 3531 eo
1178 3488 1448 3532 numero
1488 3466 1813 3551 conpluris
1844 3467 1917 3543 Q.
1945 3466 2247 3532 Metellus
2285 3484 2316 3531 3

244 3552 429 3620 Celer
492 3558 754 3638 praetor
808 3578 885 3620 ex
940 3557 1204 3620 senatus
1260 3555 1557 3620 consulto
1615 3575 1810 3619 causa
1873 3555 2135 3643 cognita
2180 3555 2250 3619 in
