2650 4059
458 250 560 305 XX
1019 251 1118 306 DE
1155 250 1212 308 C.
1251 250 1639 307 SALLUSTIO
1676 250 1928 306 CRISPO

459 417 595 458 cum
630 401 986 475 praesertim
1029 402 1222 461 lector
1255 420 1378 460 non
1420 402 1547 459 fere
1592 401 1674 460 sit
1716 399 1835 459 nisi
1879 399 2172 477 eruditus,
2215 401 2482 461 iudicem

457 506 602 546 rura
642 488 1001 567 plerumque
1046 490 1111 548 in
1155 489 1428 548 decurias
1471 488 1724 548 mittant
1752 533 1764 542 .
1796 534 1811 548 .
1840 534 1855 548 .

590 613 677 671 id.
726 611 792 670 X
832 615 896 680 1,
942 614 1057 673 32:
1101 612 1337 689 itaque,
1395 613 1469 671 ut
1513 611 1662 687 dixi,
1706 629 1902 689 neque
1946 611 2058 670 illa
2104 610 2485 672 Sallustiana.

458 698 744 776 brevitas,
780 718 903 777 qua
937 698 1089 759 nihil
1126 699 1288 776 apud
1334 717 1510 759 aures
1536 717 1760 759 vacuas
1806 703 1989 776 atque
2028 698 2296 758 eruditas
2340 704 2481 777 pot·

460 789 554 847 est
597 805 726 847 esse
770 787 1114 864 perfectius,
1162 788 1324 865 apud
1370 790 1730 864 occupatum
1773 787 1958 847 variis
2005 787 2483 865 cogitationibus

459 873 717 934 iudicem
763 876 826 934 et
871 875 1110 951 saepius
1157 875 1527 934 ineruditum
1573 875 1870 950 captanda
1913 873 2087 934 nobis
2134 878 2227 935 est
2264 922 2278 935 .
2317 922 2332 935 .
2374 923 2387 935 .

496 999 677 1145 ἀέρα.
727 997 792 1055 X
833 1000 896 1064 1,
943 999 1067 1058 102
1114 997 1317 1058 laudat
1367 998 1537 1060 illam
1581 997 1965 1058 inmortalem
2012 996 2265 1057 Sallusti
2309 1001 2482 1059 velo·

459 1102 514 1143 ci
642 1106 719 1144 m.

589 1206 759 1268 Stat.
803 1209 930 1268 silv.
975 1208 1085 1268 IV
1125 1211 1189 1276 7,
1244 1208 1324 1267 55
1380 1207 1634 1267 Sallusti
1687 1208 1887 1269 brevis
1931 1210 2268 1268 merstwncm
2312 1212 2482 1284 facit.

589 1328 786 1392 Sidon.
831 1328 1023 1406 Apoll.
1069 1348 1247 1391 cam.
1290 1334 1339 1391 2
1382 1331 1524 1405 (22)
1538 1374 1557 1399 ‚
1603 1334 1751 1390 190.-

951 1438 1073 1497 qua
1117 1416 1364 1496 Crispus
1408 1417 1706 1479 brevitate
1749 1418 1970 1495 placet.

588 1544 668 1602 id.
715 1559 892 1602 carm.
937 1543 1054 1610 23,
1102 1542 1220 1600 151
1268 1541 1399 1613 (20,
1446 1542 1625 1614 157).-

951 1629 1058 1707 qui
1100 1628 1426 1707 brevitate,
1472 1627 1710 1708 Crispe,
1754 1630 1964 1708 polles.

588 1749 765 1828 Apul.
813 1753 962 1827 apol.
1008 1753 1089 1813 95
1133 1752 1564 1830 parsimoniam
1605 1752 1848 1813 Sallusti
1880 1754 2204 1827 praedicat.

592 1871 736 1934 Gen.
782 1875 908 1934 III
945 1878 1001 1943 1,
1050 1876 1090 1936 6
1135 1875 1496 1936 Sallustium
1548 1876 1647 1937 vel
1704 1874 2165 1936 subtilissimum
2208 1875 2479 1938 brevita-

455 1961 536 2021 tis
583 1961 874 2021 artificem
919 1965 1271 2038 appellatam
1316 1983 1358 2024 a
1403 1965 1700 2024 Favorino
1743 1966 1935 2044 refert.

394 2127 399 2131 -
588 2085 848 2146 Macrob.
907 2087 964 2146 V
1003 2090 1058 2155 1,
1106 2090 1179 2146 7.·

458 2164 678 2253 (genus
721 2169 985 2254 dicendi)
1031 2174 1213 2236 breve
1256 2175 1320 2233 in
1368 2194 1487 2253 quo
1536 2174 1863 2234 Sallustius
1909 2177 2143 2253 regnat.

590 2299 743 2358 Tac.
789 2316 926 2358 ann.
972 2299 1100 2357 III
1135 2299 1218 2357 30
1232 2318 1253 2356 .·

456 2430 470 2445 .
509 2428 524 2444 .
561 2383 626 2447 Ο.
654 2385 997 2465 SallustiuS,
1024 2404 1227 2445 rerum
1252 2386 1661 2445 Romanarum
1686 2386 2144 2446 florentissimus
2172 2389 2387 2446 auctor
2414 2432 2430 2446 .
2459 2433 2475 2447 .

589 2509 750 2570 Oros.
806 2510 945 2570 VII
981 2512 1078 2576 10,
1125 2511 1193 2567 4.-

453 2598 572 2657 nisi
616 2596 995 2658 Cornelius
1042 2596 1365 2673 Tacitus,
1421 2597 1527 2673 qui
1572 2597 1725 2655 hanc
1770 2596 2084 2656 historiam
2131 2597 2474 2673 diligentis·

454 2686 601 2744 sime
663 2685 974 2745 contexuit
990 2729 1006 2761 ,
1068 2683 1142 2743 de
1203 2684 1509 2742 reticendo
1572 2683 2028 2743 interfectorum
2088 2702 2338 2743 numero
2408 2688 2475 2744 et

454 2772 813 2833 Sallustium
849 2770 1125 2849 Crispum
1162 2773 1225 2830 et
1258 2771 1412 2830 alios
1447 2773 1722 2830 auctores
1766 2788 1950 2846 quam
1992 2771 2285 2847 plurimos
2332 2790 2471 2830 san-

451 2862 607 2921 xisse
654 2864 716 2921 et
760 2878 823 2920 se
867 2859 1068 2937 ipsum
1111 2858 1271 2917 idem
1312 2857 1694 2935 potissimum
1740 2857 1995 2934 elegisse
2041 2857 2305 2916 dixisset.

585 2985 818 3044 From.
867 3000 950 3056 ep.
991 2984 1078 3060 ,ad
1119 2982 1209 3040 M.
1258 2979 1421 3039 Gaea
1458 2978 1561 3039 IV
1611 2980 1653 3036 3
1685 2996 1751 3053 p.
1800 2981 1883 3038 62
1926 2978 2112 3037 Nalm

452 3116 466 3130 .
506 3118 518 3131 .
554 3072 678 3130 rari
739 3071 1063 3130 admodum
1123 3072 1399 3129 veterum
1461 3067 1823 3144 scriptorum
1883 3065 1947 3124 in
2001 3083 2140 3124 eum
2194 3062 2465 3124 laborem

452 3160 838 3237 studiumque
894 3160 957 3217 et
1015 3156 1353 3234 periculum
1394 3153 1579 3215 verba
1640 3153 2068 3212 industriosius
2133 3154 2465 3231 quaerendi

451 3266 580 3307 sese
617 3245 982 3306 commisere.
1072 3246 1379 3303 oratorum
1415 3244 1554 3319 post
1596 3240 1867 3300 homines
1910 3243 2087 3301 natos
2132 3259 2292 3301 unus
2338 3260 2463 3300 om·

448 3335 618 3393 nium
661 3334 740 3393 M.
775 3332 1025 3392 Porcius
1072 3331 1323 3409 eiusque
1368 3330 1651 3407 frequens
1695 3332 1962 3389 sectator
2005 3328 2068 3390 O.
2107 3329 2460 3391 Sallustius:

446 3425 765 3499 poetarum
807 3420 1064 3480 maxime
1108 3419 1368 3479 Plautus
1405 3464 1419 3478 .
1459 3464 1473 3479 .
1511 3463 1527 3480 .

579 3544 670 3604 id.
714 3544 794 3603 ad
837 3543 930 3603 M.
973 3541 1253 3605 Antonin.
1297 3545 1369 3603 dc
1413 3544 1548 3617 deq,
1593 3542 1637 3601 3
1669 3559 1738 3617 p.
1784 3543 1935 3602 149.-
