2650 4059
615 252 906 308 BELLUM
940 252 1461 311 IUGURTHINUM
1498 272 1542 311 c.
1581 260 1809 311 53-55.
2128 256 2210 322 81

187 395 720 481 opulentissuma
761 398 1006 484 pergit,
1060 420 1253 485 agros
1299 403 1533 482 vastat,
1581 400 1790 464 multa
1834 400 2103 465 castella
2146 406 2225 474 et

194 485 442 568 oppida
484 489 727 550 temere
772 486 1027 551 munita
1072 491 1187 551 aut
1232 487 1371 551 sine
1414 488 1738 571 praesidio
1785 488 1963 571 capit
2001 489 2211 553 incen-

193 572 443 656 ditque,
477 574 754 656 puberes
783 574 1063 639 interfici
1090 575 1290 658 iubet,
1318 576 1451 640 alia
1477 575 1695 640 omnia
1721 575 2007 640 militum
2033 598 2209 659 prae—
2323 628 2335 639 .
2527 642 2535 649 ,

192 660 350 724 dam
387 681 547 725 esse.
615 683 694 727 ea
727 661 1071 727 formidine
1109 662 1300 726 multi
1330 663 1639 728 mortales
1668 662 1982 728 Romanis
2010 663 2211 728 dediti
2224 660 2534 820 QZ

191 748 478 832 obsides,
522 748 923 814 frumentum
968 755 1037 815 et
1081 750 1226 834 alia,
1273 772 1439 834 quae
1473 750 1647 830 Q
1674 750 1918 836 forent,
1963 751 2209 815 affatim
2428 748 2439 757 ’
2493 755 2505 764 “

193 836 513 920 praebita,
549 837 939 921 ubicumque
976 860 1080 902 res
1110 838 1509 923 postulabat,
1544 839 1938 923 praesidium
1973 839 2210 922 inposi-

191 928 358 987 tum.
451 946 617 1008 quae
654 926 924 1011 negotia
957 926 1168 990 multo
1204 926 1417 1011 magis
1456 949 1649 1011 quam
1684 927 2006 1010 proelium
2041 926 2209 990 male
2248 930 2288 995 τ’

191 1015 563 1096 pugnatum
599 1014 681 1077 ab
720 1013 856 1077 suis
892 1033 1114 1098 regem
1151 1016 1511 1078 terrebant:
1549 1015 1806 1099 quipp-e,
1842 1014 2023 1079 cuius
2061 1035 2208 1098 spes
2246 1025 2601 1082 sm

197 1099 414 1164 omnis
462 1099 531 1163 in
574 1100 734 1185 fuga
778 1102 907 1165 sita
952 1105 1119 1186 erat,
1165 1102 1350 1185 sequi
1396 1103 1752 1187 cogebatur
1796 1107 1889 1186 et,
1936 1102 2047 1186 qui
2094 1123 2211 1166 sua

193 1186 345 1251 loca
398 1186 734 1253 defendere
787 1210 869 1253 ne
915 1189 1194 1272 niverat,
1255 1190 1327 1253 in
1382 1189 1609 1254 alienis
1672 1191 1916 1254 bellum
1969 1210 2192 1275 gerere
2225 1165 2555 1308 W

195 1279 424 1339 tamen
484 1297 563 1339 ex
621 1276 808 1360 copia
862 1264 1034 1360 quod
1091 1281 1432 1360 optumum
1483 1276 1824 1341 videbatur
1867 1276 2141 1342 consiliu
2247 1292 2278 1338 9

193 1361 403 1445 eapite
468 1363 823 1428 exercitum
874 1363 1256 1449 plerumque
1317 1365 1388 1429 in
1451 1364 1656 1429 isdem
1704 1364 1865 1429 locis
1927 1364 2210 1448 opperiri

195 1449 401 1533 iubet,
445 1450 584 1534 ipse
630 1473 778 1516 cum
821 1452 1090 1518 delectis
1137 1452 1466 1536 equitibus
1511 1450 1852 1516 Metellum
1898 1451 2211 1534 sequitur,

193 1538 535 1602 nocturnis
589 1543 657 1603 et
711 1539 874 1605 aviis
928 1540 1275 1604 itineribus
1328 1541 1670 1625 ignoratus
1717 1538 2047 1604 Romanos
2102 1561 2210 1622 pa·

195 1626 397 1690 lantis
462 1631 725 1711 repente
791 1628 1186 1714 aggreditur.
1293 1650 1520 1693 eorum
1580 1627 1873 1711 plerique
1931 1627 2209 1690 inermes
2251 1641 2313 1690 ιο

195 1713 461 1798 cadunt,
503 1715 697 1779 multi
743 1716 1114 1799 capiuntur,
1156 1737 1349 1781 nemo
1396 1715 1687 1781 omnium
1738 1715 2025 1779 intactus
2066 1735 2212 1797 pro-

192 1800 392 1886 fugit,
436 1806 505 1866 et
540 1801 861 1868 Numidae
906 1804 1087 1888 prius
1126 1826 1320 1887 quam
1357 1825 1437 1868 ex
1474 1803 1705 1868 castris
1743 1803 2211 1886 subveniretur,

195 1890 397 1954 sicuti
440 1890 603 1955 iussi
649 1895 852 1974 erant,
895 1892 967 1955 in
1010 1912 1362 1976 proxumos
1409 1891 1595 1956 collis
1641 1890 1996 1955 discedunt.

333 1975 608 2043 Interim
671 1978 918 2044 Romae
981 1979 1290 2064 gaudium
1353 1980 1582 2064 ingens
1645 1983 1865 2043 ortum
1929 1975 2208 2064 cognitis
2230 1976 2314 2042 55

196 2062 453 2129 Metelli
507 2067 727 2150 rebus,
768 2070 870 2143 „ij-t,
913 2089 1109 2151 seque
1156 2071 1223 2133 et
1269 2067 1622 2132 exercitum
1667 2088 1847 2131 more
1893 2035 2511 2138 maiorumslaes‘
2640 2127 2641 2146 ,

195 2156 474 2238 gereret,
505 2154 631 2236 [ut]
653 2155 724 2218 in
752 2155 1024 2220 advorso
1052 2155 1196 2220 loco
1214 2155 1427 2220 victor
1452 2158 1675 2219 tamen
1691 2154 1936 2218 virtute
1962 2153 2212 2237 fuisset,

195 2240 495 2305 hostium
557 2262 717 2327 agro
781 2243 1131 2327 potiretur,
1201 2242 1590 2328 Iugurtham
1652 2241 2072 2327 magnificum
2134 2263 2213 2305 ex
2640 2287 2641 2290 ,

193 2327 429 2392 Albini
494 2331 792 2395 socordia
854 2352 1036 2415 spem
1089 2331 1319 2395 salutis
1375 2331 1447 2394 in
1499 2329 1848 2394 solitudine
1894 2333 2010 2393 aut
2053 2328 2213 2414 fuga

193 2416 527 2501 coegisset
548 2417 827 2483 habere.
916 2419 1137 2502 itaque
1184 2421 1449 2483 senatus
1497 2418 1581 2482 ob
1627 2439 1705 2481 ea
1747 2416 2027 2481 feliciter
2065 2420 2213 2480 acta
2248 2431 2280 2478 2

194 2503 300 2568 dis
357 2503 813 2571 inmortalibus
861 2506 1181 2590 supplicia
1231 2506 1597 2589 decernere,
1652 2503 1880 2569 civitas
1895 2554 1912 2587 ,
1957 2503 2213 2586 trepida

191 2595 395 2655 antea
438 2596 507 2656 et
551 2593 835 2658 sollicita
879 2593 958 2658 de
986 2593 1143 2658 belli
1188 2598 1441 2677 eventu,
1484 2593 1668 2682 laeta„
1702 2612 1913 2678 agere,
1957 2591 2036 2656 de
2081 2589 2213 2655 Me·

195 2678 362 2743 tello
408 2678 585 2745 fama
627 2681 961 2765 praeclara
1005 2703 1165 2747 esse.
1252 2681 1461 2767 igitur
1505 2703 1582 2746 eo
1617 2679 1933 2745 intentior
1967 2680 2049 2744 ad
2084 2679 2211 2743 vic·
2248 2696 2281 2743 8

191 2767 442 2831 toriam
493 2768 645 2852 niti,
704 2770 1003 2834 omnibus
1059 2769 1268 2834 modis
1312 2769 1650 2850 festinare,
1706 2790 1930 2833 cavere
1975 2770 2212 2851 tamen,

89 2935 102 2946 .
194 2854 430 2919 necubi
483 2855 663 2921 hosti
718 2861 1120 2941 opportunus
1178 2856 1390 2941 fieret,
1445 2856 1815 2921 meminisse
1869 2859 2021 2940 post
2075 2855 2212 2940 glo·

197 2942 367 3006 riam
412 2942 722 3008 invidiam
767 2945 966 3028 sequi.
1036 2945 1152 3028 ita,
1198 2966 1325 3028 quo
1373 2944 1609 3008 clarior
1654 2947 1823 3027 erat,
1875 2965 1951 3008 eo
1999 2943 2210 3027 magis
2248 2960 2281 3006 4

187 3029 427 3094 anxius
473 3034 641 3114 erat,
689 3053 898 3117 neque
942 3037 1094 3116 post
1139 3031 1409 3096 insidias
1454 3030 1812 3116 Iugurthae
1858 3030 2060 3093 effuso
2108 3051 2212 3093 ex-

194 3117 404 3182 ercitu
456 3119 781 3205 praedari3
836 3120 952 3183 ubi
1004 3119 1330 3184 frumento
1387 3122 1500 3184 aut
1552 3119 1794 3203 pabulo
1843 3138 2004 3200 opus
2052 3120 2210 3200 erat,

188 3205 500 3270 cohortes
565 3229 712 3272 cum
777 3207 955 3272 omni
1018 3207 1316 3290 equitatu
1379 3206 1777 3290 praesidium
1839 3204 2210 3290 agitabant3

188 3292 310 3357 sed
353 3292 496 3378 igni
551 3295 761 3381 magis
810 3317 1006 3379 quam
1049 3296 1290 3378 praeda
1336 3315 1493 3379 ager
1537 3295 1937 3358 vastabatur.
2037 3312 2211 3356 exer·
2248 3309 2279 3357 5

191 3380 364 3444 citus
419 3385 675 3464 partem
729 3383 895 3466 ipse,
950 3382 1235 3465 reliquos
1290 3381 1538 3446 Marius
1594 3382 1897 3446 ducebat:
1954 3380 2206 3445 duobus
2244 3398 2278 3445 6
2524 3461 2529 3468 „

192 3467 356 3532 locis
419 3468 594 3534 haud
656 3470 852 3555 longe
913 3469 1088 3533 inter
1140 3491 1209 3535 se
1269 3473 1486 3534 castra
1548 3468 1902 3554 faciebant3
1964 3467 2079 3531 ubi
2142 3467 2206 3532 vi
2245 3482 2275 3531 ‘1
2344 3541 2357 3546 ,
2420 3520 2431 3524 -
2506 3493 2515 3500 -

185 3576 358 3640 opus
406 3559 573 3641 erat,
629 3556 845 3623 cuncti
900 3556 1200 3642 aderant3
1253 3560 1560 3641 ceterum,
1606 3578 1752 3642 quo,
1801 3556 1959 3642 fuga
2014 3509 2523 3639 atquefcblssff

298 3667 363 3708 SA
366 3677 617 3710 ttttttttt
1851 3665 1884 3714 6
