<?xml version="1.0" encoding="UTF-8"?>
<!DOCTYPE html PUBLIC "-//W3C//DTD XHTML 1.0 Transitional//EN"
    "http://www.w3.org/TR/xhtml1/DTD/xhtml1-transitional.dtd">
<html xmlns="http://www.w3.org/1999/xhtml" xml:lang="en" lang="en">
 <head>
  <title>
</title>
<meta http-equiv="Content-Type" content="text/html;charset=utf-8" />
  <meta name='ocr-system' content='tesseract 3.04.00' />
  <meta name='ocr-capabilities' content='ocr_page ocr_carea ocr_par ocr_line ocrx_word'/>
</head>
<body>
  <div class='ocr_page' id='page_1' title='image "./catilinaiugurth00eussgoog_0055.png"; bbox 0 0 2650 4059; ppageno 0'>
   <div class='ocr_carea' id='block_1_1' title="bbox 442 214 1817 295">
    <p class='ocr_par' dir='ltr' id='par_1_1' title="bbox 442 214 1817 295">
     <span class='ocr_line' id='line_1_1' title="bbox 442 214 1817 295; baseline -0.01 0"><span class='ocrx_word' id='word_1_1' title='bbox 442 231 529 295; x_wconf 84' lang='lat'>30</span> <span class='ocrx_word' id='word_1_2' title='bbox 851 214 858 221; x_wconf 86' lang='lat'>&#39;</span> <span class='ocrx_word' id='word_1_3' title='bbox 965 219 970 223; x_wconf 72' lang='grc'><strong><em>·</em></strong></span> <span class='ocrx_word' id='word_1_4' title='bbox 1105 227 1549 285; x_wconf 81' lang='lat' dir='ltr'>C.SALLUST1</span> <span class='ocrx_word' id='word_1_5' title='bbox 1583 226 1817 282; x_wconf 75' lang='lat' dir='ltr'>omsm</span> 
     </span>
    </p>
   </div>
   <div class='ocr_carea' id='block_1_2' title="bbox 312 367 2466 3610">
    <p class='ocr_par' dir='ltr' id='par_1_2' title="bbox 312 367 2466 3610">
     <span class='ocr_line' id='line_1_2' title="bbox 444 367 2466 459; baseline -0.001 -20"><span class='ocrx_word' id='word_1_6' title='bbox 444 397 635 459; x_wconf 91' lang='lat' dir='ltr'>quem</span> <span class='ocrx_word' id='word_1_7' title='bbox 664 367 766 439; x_wconf 89' lang='lat' dir='ltr'>res</span> <span class='ocrx_word' id='word_1_8' title='bbox 796 377 982 438; x_wconf 90' lang='lat' dir='ltr'>tanta</span> <span class='ocrx_word' id='word_1_9' title='bbox 1009 377 1077 438; x_wconf 91' lang='lat' dir='ltr'>et</span> <span class='ocrx_word' id='word_1_10' title='bbox 1113 377 1251 438; x_wconf 92' lang='lat' dir='ltr'>tam</span> <span class='ocrx_word' id='word_1_11' title='bbox 1289 377 1479 438; x_wconf 84' lang='lat' dir='ltr'>atrox</span> <span class='ocrx_word' id='word_1_12' title='bbox 1511 394 1644 437; x_wconf 93' lang='lat' dir='ltr'>non</span> <span class='ocrx_word' id='word_1_13' title='bbox 1677 371 2019 456; x_wconf 74' lang='lat' dir='ltr'>permovit,</span> <span class='ocrx_word' id='word_1_14' title='bbox 2056 393 2207 436; x_wconf 90' lang='lat' dir='ltr'>eum</span> <span class='ocrx_word' id='word_1_15' title='bbox 2244 372 2466 437; x_wconf 91' lang='lat' dir='ltr'>oratio</span> 
     </span>
     <span class='ocr_line' id='line_1_3' title="bbox 341 459 2465 545; baseline -0.001 -20"><span class='ocrx_word' id='word_1_16' title='bbox 341 478 401 525; x_wconf 94' lang='lat'>11</span> <span class='ocrx_word' id='word_1_17' title='bbox 442 463 761 529; x_wconf 74' lang='lat' dir='ltr'>accendet.</span> <span class='ocrx_word' id='word_1_18' title='bbox 795 484 928 526; x_wconf 91' lang='lat' dir='ltr'>non</span> <span class='ocrx_word' id='word_1_19' title='bbox 954 462 1051 525; x_wconf 89' lang='lat' dir='ltr'>ita</span> <span class='ocrx_word' id='word_1_20' title='bbox 1078 465 1195 542; x_wconf 88' lang='lat' dir='ltr'>est,</span> <span class='ocrx_word' id='word_1_21' title='bbox 1220 482 1428 545; x_wconf 93' lang='lat' dir='ltr'>neque</span> <span class='ocrx_word' id='word_1_22' title='bbox 1450 460 1750 544; x_wconf 83' lang='lat' dir='ltr'>cuiquam</span> <span class='ocrx_word' id='word_1_23' title='bbox 1775 460 2153 524; x_wconf 72' lang='lat' dir='ltr'>mortalium</span> <span class='ocrx_word' id='word_1_24' title='bbox 2180 459 2465 524; x_wconf 89' lang='lat' dir='ltr'>iniuriae</span> 
     </span>
     <span class='ocr_line' id='line_1_4' title="bbox 445 548 2463 635; baseline -0.002 -20"><span class='ocrx_word' id='word_1_25' title='bbox 445 573 597 615; x_wconf 91' lang='lat' dir='ltr'>suae</span> <span class='ocrx_word' id='word_1_26' title='bbox 626 571 862 635; x_wconf 87' lang='lat' dir='ltr'>parvae</span> <span class='ocrx_word' id='word_1_27' title='bbox 889 550 1214 614; x_wconf 90' lang='lat' dir='ltr'>videntur:</span> <span class='ocrx_word' id='word_1_28' title='bbox 1252 548 1445 612; x_wconf 89' lang='lat' dir='ltr'>multi</span> <span class='ocrx_word' id='word_1_29' title='bbox 1481 569 1589 612; x_wconf 90' lang='lat' dir='ltr'>eas</span> <span class='ocrx_word' id='word_1_30' title='bbox 1628 548 1889 633; x_wconf 85' lang='lat' dir='ltr'>gravius</span> <span class='ocrx_word' id='word_1_31' title='bbox 1920 569 2124 631; x_wconf 91' lang='lat' dir='ltr'>aequo</span> <span class='ocrx_word' id='word_1_32' title='bbox 2152 548 2463 611; x_wconf 90' lang='lat' dir='ltr'>habuere.</span> 
     </span>
     <span class='ocr_line' id='line_1_5' title="bbox 341 635 2466 719; baseline -0.001 -18"><span class='ocrx_word' id='word_1_33' title='bbox 341 655 404 703; x_wconf 87' lang='grc'>12</span> <span class='ocrx_word' id='word_1_34' title='bbox 445 639 556 703; x_wconf 89' lang='lat' dir='ltr'>sed</span> <span class='ocrx_word' id='word_1_35' title='bbox 612 639 742 702; x_wconf 89' lang='lat' dir='ltr'>alia</span> <span class='ocrx_word' id='word_1_36' title='bbox 785 637 930 702; x_wconf 89' lang='lat' dir='ltr'>aliis</span> <span class='ocrx_word' id='word_1_37' title='bbox 976 636 1242 702; x_wconf 89' lang='lat' dir='ltr'>licentia</span> <span class='ocrx_word' id='word_1_38' title='bbox 1286 640 1416 719; x_wconf 86' lang='lat' dir='ltr'>est,</span> <span class='ocrx_word' id='word_1_39' title='bbox 1469 640 1689 719; x_wconf 87' lang='lat' dir='ltr'>patres</span> <span class='ocrx_word' id='word_1_40' title='bbox 1736 635 2104 718; x_wconf 83' lang='lat' dir='ltr'>conscripti.</span> <span class='ocrx_word' id='word_1_41' title='bbox 2197 635 2312 718; x_wconf 89' lang='lat' dir='ltr'>qui</span> <span class='ocrx_word' id='word_1_42' title='bbox 2358 635 2466 699; x_wconf 93' lang='lat' dir='ltr'>de-</span> 
     </span>
     <span class='ocr_line' id='line_1_6' title="bbox 442 722 2465 806; baseline -0.002 -16"><span class='ocrx_word' id='word_1_43' title='bbox 442 726 627 791; x_wconf 89' lang='lat' dir='ltr'>missi</span> <span class='ocrx_word' id='word_1_44' title='bbox 670 726 742 790; x_wconf 94' lang='lat' dir='ltr'>in</span> <span class='ocrx_word' id='word_1_45' title='bbox 787 725 1060 789; x_wconf 89' lang='lat' dir='ltr'>obscuro</span> <span class='ocrx_word' id='word_1_46' title='bbox 1106 723 1311 788; x_wconf 90' lang='lat' dir='ltr'>vitam</span> <span class='ocrx_word' id='word_1_47' title='bbox 1357 724 1625 806; x_wconf 86' lang='lat' dir='ltr'>habent,</span> <span class='ocrx_word' id='word_1_48' title='bbox 1676 723 1732 787; x_wconf 92' lang='lat' dir='ltr'>si</span> <span class='ocrx_word' id='word_1_49' title='bbox 1780 722 1934 806; x_wconf 86' lang='lat' dir='ltr'>quid</span> <span class='ocrx_word' id='word_1_50' title='bbox 1978 723 2313 788; x_wconf 80' lang='lat' dir='ltr'>iracundia</span> <span class='ocrx_word' id='word_1_51' title='bbox 2359 723 2465 787; x_wconf 92' lang='lat' dir='ltr'>de·</span> 
     </span>
     <span class='ocr_line' id='line_1_7' title="bbox 442 810 2463 897; baseline -0.002 -19"><span class='ocrx_word' id='word_1_52' title='bbox 442 814 706 897; x_wconf 84' lang='lat' dir='ltr'>liquere,</span> <span class='ocrx_word' id='word_1_53' title='bbox 742 813 932 895; x_wconf 91' lang='lat' dir='ltr'>pauci</span> <span class='ocrx_word' id='word_1_54' title='bbox 975 812 1216 896; x_wconf 80' lang='lat' dir='ltr'>sciunt3</span> <span class='ocrx_word' id='word_1_55' title='bbox 1260 811 1436 875; x_wconf 89' lang='lat' dir='ltr'>fama</span> <span class='ocrx_word' id='word_1_56' title='bbox 1473 815 1666 894; x_wconf 87' lang='lat' dir='ltr'>atque</span> <span class='ocrx_word' id='word_1_57' title='bbox 1702 810 1969 875; x_wconf 88' lang='lat' dir='ltr'>fortuna</span> <span class='ocrx_word' id='word_1_58' title='bbox 2003 832 2228 875; x_wconf 89' lang='lat' dir='ltr'>eorum</span> <span class='ocrx_word' id='word_1_59' title='bbox 2264 832 2463 895; x_wconf 88' lang='lat' dir='ltr'>pares</span> 
     </span>
     <span class='ocr_line' id='line_1_8' title="bbox 444 898 2463 984; baseline -0.002 -18"><span class='ocrx_word' id='word_1_60' title='bbox 444 906 622 966; x_wconf 88' lang='lat' dir='ltr'>sunt·</span> <span class='ocrx_word' id='word_1_61' title='bbox 679 900 791 984; x_wconf 91' lang='lat' dir='ltr'>qui</span> <span class='ocrx_word' id='word_1_62' title='bbox 834 920 1072 984; x_wconf 83' lang='lat' dir='ltr'>magno</span> <span class='ocrx_word' id='word_1_63' title='bbox 1118 899 1391 983; x_wconf 88' lang='lat' dir='ltr'>imperio</span> <span class='ocrx_word' id='word_1_64' title='bbox 1436 899 1715 982; x_wconf 87' lang='lat' dir='ltr'>praediti</span> <span class='ocrx_word' id='word_1_65' title='bbox 1758 898 1826 962; x_wconf 90' lang='lat' dir='ltr'>in</span> <span class='ocrx_word' id='word_1_66' title='bbox 1872 898 2124 963; x_wconf 83' lang='lat' dir='ltr'>excelso</span> <span class='ocrx_word' id='word_1_67' title='bbox 2172 902 2463 963; x_wconf 87' lang='lat' dir='ltr'>aetatem</span> 
     </span>
     <span class='ocr_line' id='line_1_9' title="bbox 340 985 2464 1074; baseline -0.002 -21"><span class='ocrx_word' id='word_1_68' title='bbox 340 1005 404 1053; x_wconf 84' lang='lat'>13</span> <span class='ocrx_word' id='word_1_69' title='bbox 445 993 676 1074; x_wconf 87' lang='lat' dir='ltr'>agunt,</span> <span class='ocrx_word' id='word_1_70' title='bbox 739 1009 963 1052; x_wconf 89' lang='lat' dir='ltr'>eorum</span> <span class='ocrx_word' id='word_1_71' title='bbox 1024 986 1200 1052; x_wconf 87' lang='lat' dir='ltr'>facta</span> <span class='ocrx_word' id='word_1_72' title='bbox 1253 987 1472 1051; x_wconf 90' lang='lat' dir='ltr'>cuncti</span> <span class='ocrx_word' id='word_1_73' title='bbox 1524 985 1834 1050; x_wconf 85' lang='lat' dir='ltr'>mortales</span> <span class='ocrx_word' id='word_1_74' title='bbox 1888 1007 2141 1050; x_wconf 88' lang='lat' dir='ltr'>novere.</span> <span class='ocrx_word' id='word_1_75' title='bbox 2231 986 2331 1049; x_wconf 87' lang='lat' dir='ltr'>ita</span> <span class='ocrx_word' id='word_1_76' title='bbox 2389 986 2464 1049; x_wconf 90' lang='lat' dir='ltr'>in</span> 
     </span>
     <span class='ocr_line' id='line_1_10' title="bbox 443 1073 2463 1157; baseline -0.001 -17"><span class='ocrx_word' id='word_1_77' title='bbox 443 1098 745 1140; x_wconf 86' lang='lat' dir='ltr'>maxuma</span> <span class='ocrx_word' id='word_1_78' title='bbox 795 1074 1060 1139; x_wconf 87' lang='lat' dir='ltr'>fortuna</span> <span class='ocrx_word' id='word_1_79' title='bbox 1112 1074 1402 1138; x_wconf 85' lang='lat' dir='ltr'>minuma</span> <span class='ocrx_word' id='word_1_80' title='bbox 1453 1073 1719 1138; x_wconf 87' lang='lat' dir='ltr'>licentia</span> <span class='ocrx_word' id='word_1_81' title='bbox 1763 1077 1891 1157; x_wconf 88' lang='lat' dir='ltr'>est;</span> <span class='ocrx_word' id='word_1_82' title='bbox 1943 1095 2151 1157; x_wconf 88' lang='lat' dir='ltr'>neque</span> <span class='ocrx_word' id='word_1_83' title='bbox 2198 1074 2463 1138; x_wconf 90' lang='lat' dir='ltr'>studere</span> 
     </span>
     <span class='ocr_line' id='line_1_11' title="bbox 341 1161 2460 1246; baseline -0.001 -19"><span class='ocrx_word' id='word_1_84' title='bbox 341 1179 407 1227; x_wconf 81' lang='lat'>14</span> <span class='ocrx_word' id='word_1_85' title='bbox 441 1185 649 1246; x_wconf 92' lang='lat' dir='ltr'>neque</span> <span class='ocrx_word' id='word_1_86' title='bbox 679 1162 908 1246; x_wconf 87' lang='lat' dir='ltr'>odisse,</span> <span class='ocrx_word' id='word_1_87' title='bbox 946 1162 1057 1225; x_wconf 90' lang='lat' dir='ltr'>sed</span> <span class='ocrx_word' id='word_1_88' title='bbox 1093 1162 1377 1226; x_wconf 89' lang='lat' dir='ltr'>minume</span> <span class='ocrx_word' id='word_1_89' title='bbox 1413 1162 1607 1226; x_wconf 87' lang='lat' dir='ltr'>irasci</span> <span class='ocrx_word' id='word_1_90' title='bbox 1644 1162 1855 1246; x_wconf 80' lang='lat' dir='ltr'>decet3</span> <span class='ocrx_word' id='word_1_91' title='bbox 1892 1182 2053 1244; x_wconf 90' lang='lat' dir='ltr'>quae</span> <span class='ocrx_word' id='word_1_92' title='bbox 2092 1162 2263 1245; x_wconf 89' lang='lat' dir='ltr'>apud</span> <span class='ocrx_word' id='word_1_93' title='bbox 2290 1161 2460 1226; x_wconf 89' lang='lat' dir='ltr'>alios</span> 
     </span>
     <span class='ocr_line' id='line_1_12' title="bbox 441 1249 2461 1334; baseline -0.001 -20"><span class='ocrx_word' id='word_1_94' title='bbox 441 1251 774 1316; x_wconf 89' lang='lat' dir='ltr'>iracundia</span> <span class='ocrx_word' id='word_1_95' title='bbox 817 1249 1071 1334; x_wconf 86' lang='lat' dir='ltr'>dicitur,</span> <span class='ocrx_word' id='word_1_96' title='bbox 1119 1271 1195 1313; x_wconf 91' lang='lat' dir='ltr'>ea</span> <span class='ocrx_word' id='word_1_97' title='bbox 1238 1249 1308 1313; x_wconf 91' lang='lat' dir='ltr'>in</span> <span class='ocrx_word' id='word_1_98' title='bbox 1352 1249 1624 1332; x_wconf 90' lang='lat' dir='ltr'>imperio</span> <span class='ocrx_word' id='word_1_99' title='bbox 1667 1249 1971 1332; x_wconf 87' lang='lat' dir='ltr'>superbia</span> <span class='ocrx_word' id='word_1_100' title='bbox 2007 1253 2202 1332; x_wconf 88' lang='lat' dir='ltr'>atque</span> <span class='ocrx_word' id='word_1_101' title='bbox 2240 1249 2461 1313; x_wconf 88' lang='lat' dir='ltr'>crude-</span> 
     </span>
     <span class='ocr_line' id='line_1_13' title="bbox 341 1335 2458 1422; baseline 0 -21"><span class='ocrx_word' id='word_1_102' title='bbox 341 1353 404 1402; x_wconf 82' lang='lat'>15</span> <span class='ocrx_word' id='word_1_103' title='bbox 440 1338 594 1403; x_wconf 89' lang='lat' dir='ltr'>litas</span> <span class='ocrx_word' id='word_1_104' title='bbox 659 1338 1038 1422; x_wconf 80' lang='lat' dir='ltr'>appellatur.</span> <span class='ocrx_word' id='word_1_105' title='bbox 1130 1336 1425 1420; x_wconf 89' lang='lat' dir='ltr'>equidem</span> <span class='ocrx_word' id='word_1_106' title='bbox 1488 1358 1609 1422; x_wconf 85' lang='lat' dir='ltr'>ego</span> <span class='ocrx_word' id='word_1_107' title='bbox 1675 1337 1769 1401; x_wconf 89' lang='lat' dir='ltr'>sic</span> <span class='ocrx_word' id='word_1_108' title='bbox 1823 1335 2172 1419; x_wconf 78' lang='lat' dir='ltr'>existumO,</span> <span class='ocrx_word' id='word_1_109' title='bbox 2232 1340 2458 1421; x_wconf 88' lang='lat' dir='ltr'>patres</span> 
     </span>
     <span class='ocr_line' id='line_1_14' title="bbox 443 1423 2461 1510; baseline -0.002 -19"><span class='ocrx_word' id='word_1_110' title='bbox 443 1426 819 1510; x_wconf 81' lang='lat' dir='ltr'>conscripti,</span> <span class='ocrx_word' id='word_1_111' title='bbox 887 1425 1097 1489; x_wconf 89' lang='lat' dir='ltr'>omnis</span> <span class='ocrx_word' id='word_1_112' title='bbox 1163 1424 1485 1490; x_wconf 86' lang='lat' dir='ltr'>cruciatus</span> <span class='ocrx_word' id='word_1_113' title='bbox 1550 1424 1833 1489; x_wconf 86' lang='lat' dir='ltr'>minores</span> <span class='ocrx_word' id='word_1_114' title='bbox 1900 1446 2097 1508; x_wconf 90' lang='lat' dir='ltr'>quam</span> <span class='ocrx_word' id='word_1_115' title='bbox 2167 1423 2461 1489; x_wconf 88' lang='lat' dir='ltr'>facinora</span> 
     </span>
     <span class='ocr_line' id='line_1_15' title="bbox 442 1511 2459 1596; baseline -0.002 -18"><span class='ocrx_word' id='word_1_116' title='bbox 442 1514 705 1579; x_wconf 90' lang='lat' dir='ltr'>illorum</span> <span class='ocrx_word' id='word_1_117' title='bbox 760 1535 917 1583; x_wconf 91' lang='lat' dir='ltr'>esse.</span> <span class='ocrx_word' id='word_1_118' title='bbox 1008 1513 1117 1577; x_wconf 90' lang='lat' dir='ltr'>sed</span> <span class='ocrx_word' id='word_1_119' title='bbox 1163 1511 1457 1595; x_wconf 88' lang='lat' dir='ltr'>plerique</span> <span class='ocrx_word' id='word_1_120' title='bbox 1502 1512 1812 1592; x_wconf 86' lang='lat' dir='ltr'>mortales</span> <span class='ocrx_word' id='word_1_121' title='bbox 1857 1516 2191 1596; x_wconf 89' lang='lat' dir='ltr'>postrema</span> <span class='ocrx_word' id='word_1_122' title='bbox 2234 1513 2459 1576; x_wconf 91' lang='lat' dir='ltr'>memi—</span> 
     </span>
     <span class='ocr_line' id='line_1_16' title="bbox 440 1599 2458 1681; baseline -0.002 -14"><span class='ocrx_word' id='word_1_123' title='bbox 440 1624 593 1667; x_wconf 89' lang='lat' dir='ltr'>nere</span> <span class='ocrx_word' id='word_1_124' title='bbox 640 1605 707 1665; x_wconf 88' lang='lat' dir='ltr'>et</span> <span class='ocrx_word' id='word_1_125' title='bbox 750 1600 821 1664; x_wconf 93' lang='lat' dir='ltr'>in</span> <span class='ocrx_word' id='word_1_126' title='bbox 863 1600 1236 1664; x_wconf 86' lang='lat' dir='ltr'>hominibus</span> <span class='ocrx_word' id='word_1_127' title='bbox 1289 1599 1487 1681; x_wconf 91' lang='lat' dir='ltr'>inpiis</span> <span class='ocrx_word' id='word_1_128' title='bbox 1535 1599 1795 1665; x_wconf 89' lang='lat' dir='ltr'>sceleris</span> <span class='ocrx_word' id='word_1_129' title='bbox 1851 1621 2075 1664; x_wconf 88' lang='lat' dir='ltr'>eorum</span> <span class='ocrx_word' id='word_1_130' title='bbox 2130 1599 2323 1664; x_wconf 91' lang='lat' dir='ltr'>obliti</span> <span class='ocrx_word' id='word_1_131' title='bbox 2378 1600 2458 1664; x_wconf 91' lang='lat' dir='ltr'>de</span> 
     </span>
     <span class='ocr_line' id='line_1_17' title="bbox 440 1686 2003 1773; baseline -0.001 -20"><span class='ocrx_word' id='word_1_132' title='bbox 440 1711 651 1773; x_wconf 89' lang='lat' dir='ltr'>poena</span> <span class='ocrx_word' id='word_1_133' title='bbox 694 1688 1049 1770; x_wconf 86' lang='lat' dir='ltr'>disserunt,</span> <span class='ocrx_word' id='word_1_134' title='bbox 1096 1686 1153 1750; x_wconf 92' lang='lat' dir='ltr'>si</span> <span class='ocrx_word' id='word_1_135' title='bbox 1200 1708 1276 1750; x_wconf 88' lang='lat' dir='ltr'>ea</span> <span class='ocrx_word' id='word_1_136' title='bbox 1317 1687 1512 1770; x_wconf 91' lang='lat' dir='ltr'>paulo</span> <span class='ocrx_word' id='word_1_137' title='bbox 1561 1687 1816 1751; x_wconf 89' lang='lat' dir='ltr'>saevior</span> <span class='ocrx_word' id='word_1_138' title='bbox 1858 1687 2003 1751; x_wconf 85' lang='lat' dir='ltr'>fuit.</span> 
     </span>
     <span class='ocr_line' id='line_1_18' title="bbox 343 1773 2454 1858; baseline -0 -17"><span class='ocrx_word' id='word_1_139' title='bbox 343 1794 403 1841; x_wconf 82' lang='lat'>16</span> <span class='ocrx_word' id='word_1_140' title='bbox 572 1775 653 1839; x_wconf 89' lang='lat' dir='ltr'>D.</span> <span class='ocrx_word' id='word_1_141' title='bbox 702 1773 1023 1857; x_wconf 80' lang='lat' dir='ltr'>Silanum,</span> <span class='ocrx_word' id='word_1_142' title='bbox 1069 1774 1280 1838; x_wconf 90' lang='lat' dir='ltr'>virum</span> <span class='ocrx_word' id='word_1_143' title='bbox 1325 1774 1566 1839; x_wconf 85' lang='lat' dir='ltr'>fortem</span> <span class='ocrx_word' id='word_1_144' title='bbox 1612 1779 1807 1857; x_wconf 87' lang='lat' dir='ltr'>atque</span> <span class='ocrx_word' id='word_1_145' title='bbox 1854 1777 2215 1858; x_wconf 88' lang='lat' dir='ltr'>strenuum,</span> <span class='ocrx_word' id='word_1_146' title='bbox 2271 1779 2454 1840; x_wconf 89' lang='lat' dir='ltr'>certo</span> 
     </span>
     <span class='ocr_line' id='line_1_19' title="bbox 322 1861 2455 1947; baseline -0 -19"><span class='ocrx_word' id='word_1_147' title='bbox 322 1883 329 1894; x_wconf 86' lang='lat'><strong>·</strong></span> <span class='ocrx_word' id='word_1_148' title='bbox 442 1864 576 1929; x_wconf 89' lang='lat' dir='ltr'>scio</span> <span class='ocrx_word' id='word_1_149' title='bbox 633 1884 795 1947; x_wconf 89' lang='lat' dir='ltr'>quae</span> <span class='ocrx_word' id='word_1_150' title='bbox 842 1861 1103 1945; x_wconf 88' lang='lat' dir='ltr'>dixerit,</span> <span class='ocrx_word' id='word_1_151' title='bbox 1162 1862 1378 1926; x_wconf 87' lang='lat' dir='ltr'>studio</span> <span class='ocrx_word' id='word_1_152' title='bbox 1433 1862 1529 1925; x_wconf 89' lang='lat' dir='ltr'>rei</span> <span class='ocrx_word' id='word_1_153' title='bbox 1563 1862 1859 1946; x_wconf 87' lang='lat' dir='ltr'>publicae</span> <span class='ocrx_word' id='word_1_154' title='bbox 1915 1862 2180 1946; x_wconf 84' lang='lat' dir='ltr'>dixisse,</span> <span class='ocrx_word' id='word_1_155' title='bbox 2241 1884 2455 1947; x_wconf 89' lang='lat' dir='ltr'>neque</span> 
     </span>
     <span class='ocr_line' id='line_1_20' title="bbox 441 1950 2454 2035; baseline 0 -20"><span class='ocrx_word' id='word_1_156' title='bbox 441 1952 628 2015; x_wconf 89' lang='lat' dir='ltr'>illum</span> <span class='ocrx_word' id='word_1_157' title='bbox 680 1950 751 2014; x_wconf 95' lang='lat' dir='ltr'>in</span> <span class='ocrx_word' id='word_1_158' title='bbox 805 1953 993 2014; x_wconf 90' lang='lat' dir='ltr'>tanta</span> <span class='ocrx_word' id='word_1_159' title='bbox 1045 1971 1113 2014; x_wconf 90' lang='lat' dir='ltr'>re</span> <span class='ocrx_word' id='word_1_160' title='bbox 1167 1950 1452 2034; x_wconf 84' lang='lat' dir='ltr'>gratiam</span> <span class='ocrx_word' id='word_1_161' title='bbox 1516 1954 1629 2014; x_wconf 87' lang='lat' dir='ltr'>aut</span> <span class='ocrx_word' id='word_1_162' title='bbox 1690 1950 2065 2014; x_wconf 81' lang='lat' dir='ltr'>inimicitias</span> <span class='ocrx_word' id='word_1_163' title='bbox 2131 1972 2454 2035; x_wconf 81' lang='lat' dir='ltr'>exercere3</span> 
     </span>
     <span class='ocr_line' id='line_1_21' title="bbox 339 2037 2455 2123; baseline -0 -20"><span class='ocrx_word' id='word_1_164' title='bbox 339 2055 402 2103; x_wconf 78' lang='grc'>17</span> <span class='ocrx_word' id='word_1_165' title='bbox 440 2060 552 2103; x_wconf 88' lang='grc'>003</span> <span class='ocrx_word' id='word_1_166' title='bbox 616 2059 829 2102; x_wconf 87' lang='grc'>1110103</span> <span class='ocrx_word' id='word_1_167' title='bbox 894 2058 1163 2121; x_wconf 90' lang='lat' dir='ltr'>eamque</span> <span class='ocrx_word' id='word_1_168' title='bbox 1228 2037 1614 2102; x_wconf 88' lang='lat' dir='ltr'>modestiam</span> <span class='ocrx_word' id='word_1_169' title='bbox 1667 2037 1791 2101; x_wconf 89' lang='lat' dir='ltr'>viri</span> <span class='ocrx_word' id='word_1_170' title='bbox 1847 2038 2138 2123; x_wconf 83' lang='lat' dir='ltr'>cognovi.</span> <span class='ocrx_word' id='word_1_171' title='bbox 2228 2060 2455 2103; x_wconf 92' lang='lat' dir='ltr'>verum</span> 
     </span>
     <span class='ocr_line' id='line_1_22' title="bbox 442 2122 2451 2209; baseline -0 -18"><span class='ocrx_word' id='word_1_172' title='bbox 442 2124 766 2191; x_wconf 87' lang='lat' dir='ltr'>sententia</span> <span class='ocrx_word' id='word_1_173' title='bbox 819 2125 956 2189; x_wconf 91' lang='lat' dir='ltr'>eius</span> <span class='ocrx_word' id='word_1_174' title='bbox 1010 2125 1173 2188; x_wconf 90' lang='lat' dir='ltr'>mihi</span> <span class='ocrx_word' id='word_1_175' title='bbox 1225 2147 1360 2189; x_wconf 92' lang='lat' dir='ltr'>non</span> <span class='ocrx_word' id='word_1_176' title='bbox 1413 2124 1687 2190; x_wconf 87' lang='lat' dir='ltr'>crudelis</span> <span class='ocrx_word' id='word_1_177' title='bbox 1736 2122 1918 2209; x_wconf 89' lang='lat' dir='ltr'>(quid</span> <span class='ocrx_word' id='word_1_178' title='bbox 1967 2126 2139 2189; x_wconf 93' lang='lat' dir='ltr'>enim</span> <span class='ocrx_word' id='word_1_179' title='bbox 2182 2125 2251 2189; x_wconf 90' lang='lat' dir='ltr'>in</span> <span class='ocrx_word' id='word_1_180' title='bbox 2297 2127 2451 2190; x_wconf 89' lang='lat' dir='ltr'>talis</span> 
     </span>
     <span class='ocr_line' id='line_1_23' title="bbox 439 2210 2453 2314; baseline -0 -36"><span class='ocrx_word' id='word_1_181' title='bbox 439 2213 735 2278; x_wconf 90' lang='lat' dir='ltr'>homines</span> <span class='ocrx_word' id='word_1_182' title='bbox 781 2212 1036 2277; x_wconf 89' lang='lat' dir='ltr'>crudele</span> <span class='ocrx_word' id='word_1_183' title='bbox 1080 2213 1224 2276; x_wconf 89' lang='lat' dir='ltr'>fieri</span> <span class='ocrx_word' id='word_1_184' title='bbox 1267 2210 1559 2297; x_wconf 80' lang='lat' dir='ltr'>potest?)</span> <span class='ocrx_word' id='word_1_185' title='bbox 1607 2212 1718 2276; x_wconf 89' lang='lat' dir='ltr'>sed</span> <span class='ocrx_word' id='word_1_186' title='bbox 1764 2213 1974 2276; x_wconf 89' lang='lat' dir='ltr'>aliena</span> <span class='ocrx_word' id='word_1_187' title='bbox 2010 2235 2049 2277; x_wconf 95' lang='lat' dir='ltr'>a</span> <span class='ocrx_word' id='word_1_188' title='bbox 2085 2234 2153 2277; x_wconf 90' lang='grc'>10</span> <span class='ocrx_word' id='word_1_189' title='bbox 2188 2213 2453 2314; x_wconf 84' lang='lat' dir='ltr'>publica</span> 
     </span>
     <span class='ocr_line' id='line_1_24' title="bbox 338 2299 2451 2384; baseline 0 -18"><span class='ocrx_word' id='word_1_190' title='bbox 338 2319 404 2368; x_wconf 87' lang='lat'>18</span> <span class='ocrx_word' id='word_1_191' title='bbox 438 2305 669 2366; x_wconf 89' lang='lat' dir='ltr'>nostra</span> <span class='ocrx_word' id='word_1_192' title='bbox 720 2301 992 2365; x_wconf 90' lang='lat' dir='ltr'>videtur.</span> <span class='ocrx_word' id='word_1_193' title='bbox 1080 2321 1233 2364; x_wconf 93' lang='lat' dir='ltr'>nam</span> <span class='ocrx_word' id='word_1_194' title='bbox 1286 2299 1579 2384; x_wconf 85' lang='lat' dir='ltr'>profecto</span> <span class='ocrx_word' id='word_1_195' title='bbox 1636 2303 1750 2363; x_wconf 88' lang='lat' dir='ltr'>aut</span> <span class='ocrx_word' id='word_1_196' title='bbox 1795 2304 2007 2365; x_wconf 89' lang='lat' dir='ltr'>metus</span> <span class='ocrx_word' id='word_1_197' title='bbox 2053 2304 2168 2364; x_wconf 91' lang='lat' dir='ltr'>aut</span> <span class='ocrx_word' id='word_1_198' title='bbox 2212 2301 2451 2366; x_wconf 89' lang='lat' dir='ltr'>iniuria</span> 
     </span>
     <span class='ocr_line' id='line_1_25' title="bbox 440 2386 2450 2474; baseline -0 -20"><span class='ocrx_word' id='word_1_199' title='bbox 440 2395 506 2454; x_wconf 90' lang='lat' dir='ltr'>te</span> <span class='ocrx_word' id='word_1_200' title='bbox 545 2388 824 2474; x_wconf 82' lang='lat' dir='ltr'>subegit,</span> <span class='ocrx_word' id='word_1_201' title='bbox 871 2387 1106 2473; x_wconf 85' lang='lat' dir='ltr'>Silane,</span> <span class='ocrx_word' id='word_1_202' title='bbox 1152 2388 1482 2453; x_wconf 89' lang='lat' dir='ltr'>consulem</span> <span class='ocrx_word' id='word_1_203' title='bbox 1518 2386 1929 2471; x_wconf 85' lang='lat' dir='ltr'>designatum</span> <span class='ocrx_word' id='word_1_204' title='bbox 1966 2409 2169 2473; x_wconf 82' lang='lat' dir='ltr'>genus</span> <span class='ocrx_word' id='word_1_205' title='bbox 2205 2410 2450 2472; x_wconf 90' lang='lat' dir='ltr'>poenae</span> 
     </span>
     <span class='ocr_line' id='line_1_26' title="bbox 338 2475 2449 2556; baseline -0 -15"><span class='ocrx_word' id='word_1_206' title='bbox 338 2494 401 2542; x_wconf 84' lang='lat'>19</span> <span class='ocrx_word' id='word_1_207' title='bbox 437 2499 676 2542; x_wconf 91' lang='lat' dir='ltr'>novom</span> <span class='ocrx_word' id='word_1_208' title='bbox 721 2477 1076 2542; x_wconf 89' lang='lat' dir='ltr'>decernere.</span> <span class='ocrx_word' id='word_1_209' title='bbox 1167 2477 1244 2539; x_wconf 89' lang='lat' dir='ltr'>de</span> <span class='ocrx_word' id='word_1_210' title='bbox 1290 2475 1525 2539; x_wconf 89' lang='lat' dir='ltr'>timore</span> <span class='ocrx_word' id='word_1_211' title='bbox 1563 2496 2151 2556; x_wconf 88' lang='lat' dir='ltr'>supervacuaneum</span> <span class='ocrx_word' id='word_1_212' title='bbox 2187 2479 2290 2539; x_wconf 88' lang='lat' dir='ltr'>est</span> <span class='ocrx_word' id='word_1_213' title='bbox 2327 2476 2449 2540; x_wconf 90' lang='lat' dir='ltr'>dis-</span> 
     </span>
     <span class='ocr_line' id='line_1_27' title="bbox 440 2562 2450 2648; baseline -0.001 -19"><span class='ocrx_word' id='word_1_214' title='bbox 440 2586 679 2646; x_wconf 88' lang='lat' dir='ltr'>serere,</span> <span class='ocrx_word' id='word_1_215' title='bbox 725 2586 869 2628; x_wconf 89' lang='lat' dir='ltr'>cum</span> <span class='ocrx_word' id='word_1_216' title='bbox 915 2563 1300 2645; x_wconf 86' lang='lat' dir='ltr'>praesertim</span> <span class='ocrx_word' id='word_1_217' title='bbox 1347 2562 1685 2648; x_wconf 84' lang='lat' dir='ltr'>diligentia</span> <span class='ocrx_word' id='word_1_218' title='bbox 1729 2562 2093 2627; x_wconf 86' lang='lat' dir='ltr'>clarissumi</span> <span class='ocrx_word' id='word_1_219' title='bbox 2139 2563 2263 2627; x_wconf 90' lang='lat' dir='ltr'>viri</span> <span class='ocrx_word' id='word_1_220' title='bbox 2305 2585 2450 2627; x_wconf 91' lang='lat' dir='ltr'>con-</span> 
     </span>
     <span class='ocr_line' id='line_1_28' title="bbox 334 2649 2447 2734; baseline -0 -18"><span class='ocrx_word' id='word_1_221' title='bbox 334 2670 402 2718; x_wconf 83' lang='lat'>20</span> <span class='ocrx_word' id='word_1_222' title='bbox 441 2653 600 2717; x_wconf 90' lang='lat' dir='ltr'>sulis</span> <span class='ocrx_word' id='word_1_223' title='bbox 647 2655 833 2715; x_wconf 91' lang='lat' dir='ltr'>tanta</span> <span class='ocrx_word' id='word_1_224' title='bbox 877 2650 1200 2733; x_wconf 87' lang='lat' dir='ltr'>praesidia</span> <span class='ocrx_word' id='word_1_225' title='bbox 1245 2649 1377 2713; x_wconf 88' lang='lat' dir='ltr'>sint</span> <span class='ocrx_word' id='word_1_226' title='bbox 1421 2649 1490 2712; x_wconf 90' lang='lat' dir='ltr'>in</span> <span class='ocrx_word' id='word_1_227' title='bbox 1536 2650 1751 2713; x_wconf 89' lang='lat' dir='ltr'>armis.</span> <span class='ocrx_word' id='word_1_228' title='bbox 1816 2650 1893 2715; x_wconf 90' lang='lat' dir='ltr'>de</span> <span class='ocrx_word' id='word_1_229' title='bbox 1928 2672 2137 2734; x_wconf 90' lang='lat' dir='ltr'>poena</span> <span class='ocrx_word' id='word_1_230' title='bbox 2180 2672 2447 2734; x_wconf 88' lang='lat' dir='ltr'>possum</span> 
     </span>
     <span class='ocr_line' id='line_1_29' title="bbox 441 2736 2449 2821; baseline 0 -18"><span class='ocrx_word' id='word_1_231' title='bbox 441 2739 736 2821; x_wconf 91' lang='lat' dir='ltr'>equidem</span> <span class='ocrx_word' id='word_1_232' title='bbox 782 2738 1010 2821; x_wconf 89' lang='lat' dir='ltr'>dicere,</span> <span class='ocrx_word' id='word_1_233' title='bbox 1054 2737 1119 2800; x_wconf 91' lang='lat' dir='ltr'>id</span> <span class='ocrx_word' id='word_1_234' title='bbox 1167 2736 1339 2820; x_wconf 90' lang='lat' dir='ltr'>quod</span> <span class='ocrx_word' id='word_1_235' title='bbox 1366 2758 1467 2801; x_wconf 89' lang='lat' dir='ltr'>res</span> <span class='ocrx_word' id='word_1_236' title='bbox 1513 2737 1730 2819; x_wconf 90' lang='lat' dir='ltr'>habet,</span> <span class='ocrx_word' id='word_1_237' title='bbox 1773 2737 1844 2801; x_wconf 89' lang='lat' dir='ltr'>in</span> <span class='ocrx_word' id='word_1_238' title='bbox 1883 2738 2063 2803; x_wconf 90' lang='lat' dir='ltr'>luctu</span> <span class='ocrx_word' id='word_1_239' title='bbox 2102 2742 2297 2820; x_wconf 91' lang='lat' dir='ltr'>atque</span> <span class='ocrx_word' id='word_1_240' title='bbox 2337 2740 2449 2803; x_wconf 89' lang='lat' dir='ltr'>mi-</span> 
     </span>
     <span class='ocr_line' id='line_1_30' title="bbox 440 2824 2450 2908; baseline 0.001 -19"><span class='ocrx_word' id='word_1_241' title='bbox 440 2826 626 2890; x_wconf 84' lang='lat' dir='ltr'>seriis</span> <span class='ocrx_word' id='word_1_242' title='bbox 682 2828 962 2889; x_wconf 92' lang='lat' dir='ltr'>mortem</span> <span class='ocrx_word' id='word_1_243' title='bbox 1021 2845 1473 2888; x_wconf 89' lang='lat' dir='ltr'>aerumnarum</span> <span class='ocrx_word' id='word_1_244' title='bbox 1526 2824 1841 2908; x_wconf 88' lang='lat' dir='ltr'>requiem,</span> <span class='ocrx_word' id='word_1_245' title='bbox 1903 2848 2037 2890; x_wconf 89' lang='lat' dir='ltr'>non</span> <span class='ocrx_word' id='word_1_246' title='bbox 2089 2826 2450 2891; x_wconf 90' lang='lat' dir='ltr'>cruciatum</span> 
     </span>
     <span class='ocr_line' id='line_1_31' title="bbox 441 2911 2450 2997; baseline 0 -20"><span class='ocrx_word' id='word_1_247' title='bbox 441 2935 609 2997; x_wconf 80' lang='lat' dir='ltr'>esse3</span> <span class='ocrx_word' id='word_1_248' title='bbox 671 2933 814 2976; x_wconf 93' lang='lat' dir='ltr'>eam</span> <span class='ocrx_word' id='word_1_249' title='bbox 878 2915 1112 2977; x_wconf 89' lang='lat' dir='ltr'>cuncta</span> <span class='ocrx_word' id='word_1_250' title='bbox 1165 2911 1541 2976; x_wconf 90' lang='lat' dir='ltr'>mortalium</span> <span class='ocrx_word' id='word_1_251' title='bbox 1594 2912 1767 2976; x_wconf 93' lang='lat' dir='ltr'>mala</span> <span class='ocrx_word' id='word_1_252' title='bbox 1830 2912 2210 2997; x_wconf 84' lang='lat' dir='ltr'>dissolvere3</span> <span class='ocrx_word' id='word_1_253' title='bbox 2274 2914 2450 2978; x_wconf 90' lang='lat' dir='ltr'>ultra</span> 
     </span>
     <span class='ocr_line' id='line_1_32' title="bbox 333 3000 2448 3085; baseline 0 -19"><span class='ocrx_word' id='word_1_254' title='bbox 333 3018 399 3066; x_wconf 87' lang='grc'>21</span> <span class='ocrx_word' id='word_1_255' title='bbox 436 3022 645 3085; x_wconf 89' lang='lat' dir='ltr'>neque</span> <span class='ocrx_word' id='word_1_256' title='bbox 691 3021 880 3064; x_wconf 87' lang='lat' dir='ltr'>curae</span> <span class='ocrx_word' id='word_1_257' title='bbox 925 3020 1133 3082; x_wconf 91' lang='lat' dir='ltr'>neque</span> <span class='ocrx_word' id='word_1_258' title='bbox 1179 3000 1412 3085; x_wconf 85' lang='lat' dir='ltr'>gaudio</span> <span class='ocrx_word' id='word_1_259' title='bbox 1459 3000 1671 3065; x_wconf 91' lang='lat' dir='ltr'>locum</span> <span class='ocrx_word' id='word_1_260' title='bbox 1718 3022 1878 3064; x_wconf 91' lang='lat' dir='ltr'>esse.</span> <span class='ocrx_word' id='word_1_261' title='bbox 1968 3002 2098 3085; x_wconf 91' lang='lat' dir='ltr'>sed,</span> <span class='ocrx_word' id='word_1_262' title='bbox 2142 3023 2258 3084; x_wconf 92' lang='lat' dir='ltr'>per</span> <span class='ocrx_word' id='word_1_263' title='bbox 2293 3001 2448 3066; x_wconf 89' lang='lat' dir='ltr'>deos</span> 
     </span>
     <span class='ocr_line' id='line_1_33' title="bbox 440 3087 2449 3172; baseline 0 -20"><span class='ocrx_word' id='word_1_264' title='bbox 440 3088 825 3170; x_wconf 76' lang='lat' dir='ltr'>inmortaliS,</span> <span class='ocrx_word' id='word_1_265' title='bbox 872 3109 1067 3171; x_wconf 90' lang='lat' dir='ltr'>quam</span> <span class='ocrx_word' id='word_1_266' title='bbox 1114 3087 1196 3151; x_wconf 93' lang='lat' dir='ltr'>ob</span> <span class='ocrx_word' id='word_1_267' title='bbox 1244 3109 1382 3151; x_wconf 88' lang='lat' dir='ltr'>rem</span> <span class='ocrx_word' id='word_1_268' title='bbox 1426 3087 1496 3151; x_wconf 91' lang='lat' dir='ltr'>in</span> <span class='ocrx_word' id='word_1_269' title='bbox 1533 3088 1923 3152; x_wconf 89' lang='lat' dir='ltr'>sententiam</span> <span class='ocrx_word' id='word_1_270' title='bbox 1957 3110 2088 3153; x_wconf 92' lang='lat' dir='ltr'>non</span> <span class='ocrx_word' id='word_1_271' title='bbox 2125 3088 2449 3172; x_wconf 84' lang='lat' dir='ltr'>addidisti,</span> 
     </span>
     <span class='ocr_line' id='line_1_34' title="bbox 335 3174 2449 3260; baseline 0 -20"><span class='ocrx_word' id='word_1_272' title='bbox 335 3192 403 3240; x_wconf 83' lang='lat'>22</span> <span class='ocrx_word' id='word_1_273' title='bbox 440 3176 540 3239; x_wconf 93' lang='lat' dir='ltr'>uti</span> <span class='ocrx_word' id='word_1_274' title='bbox 575 3176 755 3259; x_wconf 89' lang='lat' dir='ltr'>prius</span> <span class='ocrx_word' id='word_1_275' title='bbox 793 3175 1167 3239; x_wconf 87' lang='lat' dir='ltr'>verberibus</span> <span class='ocrx_word' id='word_1_276' title='bbox 1205 3175 1275 3239; x_wconf 91' lang='lat' dir='ltr'>in</span> <span class='ocrx_word' id='word_1_277' title='bbox 1311 3196 1422 3239; x_wconf 90' lang='lat' dir='ltr'>eos</span> <span class='ocrx_word' id='word_1_278' title='bbox 1462 3174 2129 3240; x_wconf 83' lang='lat' dir='ltr'>animadvorteretur‘?</span> <span class='ocrx_word' id='word_1_279' title='bbox 2175 3198 2258 3240; x_wconf 92' lang='lat' dir='ltr'>an</span> <span class='ocrx_word' id='word_1_280' title='bbox 2295 3177 2449 3260; x_wconf 89' lang='lat' dir='ltr'>quia</span> 
     </span>
     <span class='ocr_line' id='line_1_35' title="bbox 437 3262 2447 3348; baseline 0.001 -22"><span class='ocrx_word' id='word_1_281' title='bbox 437 3263 541 3326; x_wconf 85' lang='lat' dir='ltr'>lex</span> <span class='ocrx_word' id='word_1_282' title='bbox 605 3262 838 3327; x_wconf 90' lang='lat' dir='ltr'>Porcia</span> <span class='ocrx_word' id='word_1_283' title='bbox 896 3263 1120 3326; x_wconf 77' lang='lat' dir='ltr'>vetat?</span> <span class='ocrx_word' id='word_1_284' title='bbox 1193 3266 1264 3327; x_wconf 89' lang='lat' dir='ltr'>at</span> <span class='ocrx_word' id='word_1_285' title='bbox 1327 3262 1490 3326; x_wconf 89' lang='lat' dir='ltr'>aliae</span> <span class='ocrx_word' id='word_1_286' title='bbox 1545 3262 1722 3348; x_wconf 83' lang='lat' dir='ltr'>leges</span> <span class='ocrx_word' id='word_1_287' title='bbox 1782 3262 1939 3327; x_wconf 88' lang='lat' dir='ltr'>item</span> <span class='ocrx_word' id='word_1_288' title='bbox 2005 3264 2447 3329; x_wconf 87' lang='lat' dir='ltr'>condemnatis</span> 
     </span>
     <span class='ocr_line' id='line_1_36' title="bbox 440 3349 2445 3433; baseline 0.001 -19"><span class='ocrx_word' id='word_1_289' title='bbox 440 3349 686 3414; x_wconf 89' lang='lat' dir='ltr'>civibus</span> <span class='ocrx_word' id='word_1_290' title='bbox 722 3372 855 3414; x_wconf 90' lang='lat' dir='ltr'>non</span> <span class='ocrx_word' id='word_1_291' title='bbox 891 3351 1174 3414; x_wconf 83' lang='lat' dir='ltr'>animam</span> <span class='ocrx_word' id='word_1_292' title='bbox 1211 3350 1391 3433; x_wconf 88' lang='lat' dir='ltr'>eripi,</span> <span class='ocrx_word' id='word_1_293' title='bbox 1430 3350 1541 3413; x_wconf 88' lang='lat' dir='ltr'>sed</span> <span class='ocrx_word' id='word_1_294' title='bbox 1578 3350 1842 3414; x_wconf 87' lang='lat' dir='ltr'>exilium</span> <span class='ocrx_word' id='word_1_295' title='bbox 1878 3350 2167 3433; x_wconf 90' lang='lat' dir='ltr'>permitti</span> <span class='ocrx_word' id='word_1_296' title='bbox 2204 3350 2445 3417; x_wconf 89' lang='lat' dir='ltr'>iubent.</span> 
     </span>
     <span class='ocr_line' id='line_1_37' title="bbox 312 3436 2447 3521; baseline 0.001 -19"><span class='ocrx_word' id='word_1_297' title='bbox 312 3447 402 3503; x_wconf 82' lang='grc'>’23</span> <span class='ocrx_word' id='word_1_298' title='bbox 439 3459 523 3501; x_wconf 92' lang='lat' dir='ltr'>an</span> <span class='ocrx_word' id='word_1_299' title='bbox 559 3436 712 3519; x_wconf 91' lang='lat' dir='ltr'>quia</span> <span class='ocrx_word' id='word_1_300' title='bbox 747 3438 1008 3521; x_wconf 83' lang='lat' dir='ltr'>gravius</span> <span class='ocrx_word' id='word_1_301' title='bbox 1036 3442 1137 3502; x_wconf 90' lang='lat' dir='ltr'>est</span> <span class='ocrx_word' id='word_1_302' title='bbox 1164 3437 1489 3502; x_wconf 90' lang='lat' dir='ltr'>verberari</span> <span class='ocrx_word' id='word_1_303' title='bbox 1520 3459 1714 3521; x_wconf 93' lang='lat' dir='ltr'>quam</span> <span class='ocrx_word' id='word_1_304' title='bbox 1739 3438 2000 3502; x_wconf 76' lang='lat' dir='ltr'>necari?</span> <span class='ocrx_word' id='word_1_305' title='bbox 2047 3438 2200 3521; x_wconf 91' lang='lat' dir='ltr'>quid</span> <span class='ocrx_word' id='word_1_306' title='bbox 2230 3443 2447 3505; x_wconf 91' lang='lat' dir='ltr'>autem</span> 
     </span>
     <span class='ocr_line' id='line_1_38' title="bbox 434 3524 2446 3610; baseline 0.001 -21"><span class='ocrx_word' id='word_1_307' title='bbox 434 3524 735 3589; x_wconf 90' lang='lat' dir='ltr'>acerbum</span> <span class='ocrx_word' id='word_1_308' title='bbox 791 3530 906 3589; x_wconf 88' lang='lat' dir='ltr'>aut</span> <span class='ocrx_word' id='word_1_309' title='bbox 956 3525 1152 3589; x_wconf 87' lang='lat' dir='ltr'>nimis</span> <span class='ocrx_word' id='word_1_310' title='bbox 1208 3546 1404 3610; x_wconf 84' lang='lat' dir='ltr'>grave</span> <span class='ocrx_word' id='word_1_311' title='bbox 1460 3528 1562 3588; x_wconf 88' lang='lat' dir='ltr'>est</span> <span class='ocrx_word' id='word_1_312' title='bbox 1616 3524 1685 3588; x_wconf 89' lang='lat' dir='ltr'>in</span> <span class='ocrx_word' id='word_1_313' title='bbox 1737 3525 2033 3590; x_wconf 88' lang='lat' dir='ltr'>homines</span> <span class='ocrx_word' id='word_1_314' title='bbox 2079 3526 2250 3591; x_wconf 88' lang='lat' dir='ltr'>tanti</span> <span class='ocrx_word' id='word_1_315' title='bbox 2294 3525 2446 3594; x_wconf 85' lang='lat' dir='ltr'>faci-</span> 
     </span>
    </p>
   </div>
  </div>
 </body>
</html>
