2650 4059
724 271 1019 328 BELLUM
1053 273 1445 329 CATILINAE
1481 292 1527 330 c.
1557 280 1781 332 35-38.
2172 280 2254 345 21

245 417 462 482 solum
508 418 642 482 illis
688 417 901 483 aliena
936 440 1115 483 mens
1158 424 1318 504 erat,
1365 421 1477 505 qui
1514 421 1756 486 conscii
1793 422 2256 491 coniurationis

247 505 535 589 fuerant,
599 506 711 570 sed
774 506 1036 571 omnino
1101 512 1331 572 cuncta
1394 508 1615 591 plebes
1670 531 1982 575 novarum
2040 534 2257 577 rerum

246 593 468 658 studio
515 592 834 658 Catilinae
879 594 1140 678 incepta
1182 595 1523 696 probabat.
1602 596 1670 660 id
1715 597 1874 662 adeo
1919 621 2097 664 more
2135 623 2253 666 suo
2291 617 2324 664 2

244 680 592 745 videbatur
634 681 862 746 facere.
906 704 1058 746 nam
1104 704 1359 783 semper
1402 684 1474 748 in
1518 684 1782 749 civitate
1828 686 2062 769 quibus
2100 705 2323 771 opes3

244 768 464 832 nullae
520 773 697 852 sunt,
754 769 944 834 bonis
997 769 1312 854 invident,
1376 772 1584 836 malos
1632 773 1977 859 extollunt,
2035 779 2255 840 vetera

245 856 467 940 odere,
536 878 708 921 nova
769 861 1106 940 exoptant,
1181 858 1328 922 odio
1395 880 1657 923 suarum
1727 882 1944 925 rerum
2015 864 2256 928 mutari

245 944 468 1008 omnia
531 944 824 1026 student,
892 945 1087 1009 turba
1149 949 1345 1029 atque
1410 946 1835 1012 seditionibus
1901 949 2039 1014 sine
2102 972 2257 1016 cura

243 1032 537 1115 aluntur,
593 1031 898 1115 quoniam
943 1036 1197 1118 egestas
1243 1033 1434 1098 facile
1477 1034 1757 1098 habetur
1811 1036 1948 1100 sine
2003 1037 2255 1103 damno.

243 1120 360 1184 sed
412 1119 663 1183 urbana
715 1119 935 1202 plebes
993 1141 1070 1184 ea
1119 1142 1273 1185 vero
1335 1142 1640 1205 praeceps
1696 1127 1838 1187 erat
1891 1125 1969 1188 de
2028 1126 2254 1190 multis
2290 1142 2325 1190 4

244 1207 479 1273 causis.
548 1207 832 1291 primum
878 1208 1166 1271 omnium
1213 1208 1324 1291 qui
1367 1209 1607 1292 ubique
1642 1210 1882 1311 probro
1921 1216 2116 1296 atque
2150 1235 2255 1297 pe-
2292 1229 2324 1277 5

245 1294 532 1359 tulantia
556 1316 854 1358 maxume
880 1296 1323 1397 praestabant,
1351 1296 1512 1360 item
1531 1296 1660 1380 alii,
1682 1298 1793 1381 qui
1810 1320 1926 1381 per
1944 1299 2256 1365 dedecora

241 1383 566 1447 alebantur
609 1382 1018 1465 patrimoniis
1067 1382 1355 1468 amissis,
1406 1387 1738 1468 postremo
1796 1406 2045 1470 omnes,
2091 1409 2254 1488 quos

242 1470 572 1572 flagitium
616 1473 731 1534 aut
764 1469 1015 1534 facinus
1052 1472 1243 1536 domo
1282 1471 1634 1555 expulerat,
1676 1472 1736 1536 ei
1771 1437 2049 1537 Romam
2085 1474 2255 1540 sieut

241 1559 316 1623 in
361 1557 686 1622 sentinam
731 1558 1190 1623 confluxerant.
1254 1559 1482 1623 deinde
1527 1559 1720 1623 multi
1764 1582 2079 1625 memores
2116 1560 2255 1627 Sul·
2291 1580 2323 1627 6

242 1647 433 1711 lanae
470 1645 799 1728 victoriae,
844 1646 1015 1729 quod
1051 1667 1131 1710 ex
1166 1647 1483 1732 gregariis
1517 1647 1836 1712 militibus
1876 1648 2038 1713 alios
2077 1672 2255 1714 sena-

244 1739 423 1797 tores
467 1732 795 1817 videbant,
841 1733 1003 1798 alios
1049 1733 1147 1798 ita
1190 1734 1444 1818 divites,
1486 1739 1563 1799 ut
1608 1735 1788 1836 10310
1834 1735 2013 1801 victu
2059 1742 2253 1822 atque

242 1820 428 1886 cultu
473 1824 756 1884 aetatem
802 1824 1086 1906 agerent,
1132 1821 1259 1886 sibi
1298 1822 1589 1906 quisque,
1635 1824 1692 1887 si
1727 1823 1797 1887 in
1832 1824 2030 1888 armis
2066 1824 2255 1909 foret,

244 1930 324 1973 ex
377 1907 657 1973 victoria
699 1908 863 1972 talia
915 1910 1237 1992 sperabat.
1324 1914 1663 1994 praeterea
1706 1911 2034 1995 iuventus,
2089 1934 2253 1996 quae
2293 1929 2323 1976 ’1

244 1997 315 2062 111
370 1996 547 2080 agris
603 2018 909 2068 manuum
962 1998 1254 2061 mercede
1308 1997 1600 2081 inopiam
1654 1998 2072 2083 toleraverat,
2123 2000 2254 2100 pri-

241 2084 418 2149 vatis
446 2088 642 2167 atque
668 2083 946 2167 publicis
973 2084 1432 2169 largitionibus
1462 2086 1674 2150 excita
1698 2087 2018 2151 urbanum
2046 2050 2254 2153 dtium

242 2172 507 2257 ingrato
535 2171 745 2236 labori
771 2172 1184 2255 praetulerat.
1231 2194 1341 2237 eos
1372 2177 1565 2256 atque
1595 2173 1757 2238 alios
1780 2175 1989 2238 omnis
2010 2175 2254 2239 malum

242 2259 581 2344 publicum
625 2260 860 2323 alebat.
951 2281 1078 2344 quo
1133 2260 1347 2324 minus
1394 2261 1758 2325 mirandum
1812 2265 1914 2325 est
1956 2261 2253 2327 homines
2290 2278 2323 2327 8

246 2347 502 2432 egentis
552 2347 741 2411 malis
779 2348 1068 2412 moribus
1105 2370 1409 2412 maxuma
1445 2370 1558 2431 spe
1608 2348 1702 2412 rei
1737 2349 2034 2431 publicae
2070 2350 2256 2413 iuxta

246 2456 325 2499 ac
370 2434 500 2499 sibi
544 2435 959 2499 consuluisse.
1021 2440 1361 2519 praeterea
1406 2456 1683 2518 quorum
1726 2435 2000 2500 victoria
2037 2435 2254 2501 Sullae
2291 2454 2323 2502 9

245 2526 551 2606 parentes
595 2523 972 2607 proscripti,
1026 2523 1200 2588 bona
1252 2526 1501 2607 erepta,
1552 2522 1655 2586 ius
1701 2522 2026 2587 libertatis
2070 2524 2257 2587 inmi-

245 2614 479 2675 nutum
524 2614 691 2694 erat,
743 2610 916 2674 haud
963 2632 1114 2675 sane
1161 2611 1290 2675 alio
1338 2610 1553 2675 animo
1607 2610 1764 2674 belli
1809 2615 2110 2675 eventum
2154 2634 2255 2676 ex·

245 2698 614 2781 pectabant.
705 2698 786 2762 ad
828 2698 955 2763 hoc
1000 2698 1385 2782 quicumque
1433 2698 1706 2763 aliarum
1752 2702 1945 2782 atque
1992 2704 2254 2764 senatus
2296 2716 2360 2765 10

245 2785 533 2868 partium
580 2790 782 2869 erant,
827 2786 1200 2850 conturbari
1244 2808 1383 2850 rem
1425 2786 1754 2869 publicam
1801 2808 1995 2870 quam
2040 2787 2254 2852 minus

246 2873 461 2938 valere
513 2873 645 2956 ipsi
707 2873 1054 2937 malebant.
1145 2873 1212 2937 id
1265 2874 1426 2937 adeo
1491 2874 1734 2937 malum
1797 2875 2039 2939 multos
2103 2879 2256 2959 post
2296 2891 2355 2938 11

247 2982 451 3025 annos
514 2960 585 3024 in
647 2961 980 3026 civitatem
1041 2964 1422 3025 revorterat.
1516 2983 1671 3026 nam
1731 2965 2082 3045 postquam
2142 2961 2253 3027 On.
2274 2964 2357 3027 38

245 3047 559 3131 Pompeio
605 3052 673 3112 et
714 3047 801 3112 M.
848 3047 1082 3113 Crasso
1138 3048 1511 3113 consulibus
1566 3047 1918 3112 tribunicia
1960 3052 2252 3132 potestas

245 3135 558 3200 restituta
600 3139 726 3220 est,
778 3135 1074 3200 homines
1122 3136 1564 3201 adulescentes
1612 3156 1933 3199 summam
1967 3139 2253 3219 potesta—

246 3229 382 3287 tem
424 3222 621 3307 nacti,
668 3223 903 3306 quibus
941 3227 1120 3287 aetas
1149 3223 1530 3323 animusque
1565 3222 1749 3286 ferox
1785 3226 1942 3306 erat,
1987 3244 2253 3306 coepere

248 3313 547 3375 senatum
592 3310 988 3374 criminando
1034 3310 1292 3412 plebem
1337 3310 1683 3396 exagitare,
1729 3309 1877 3374 dein
1910 3309 2252 3395 largiundo

246 3402 442 3481 atque
485 3397 909 3481 pollicitando
954 3398 1164 3484 magis
1209 3399 1574 3482 incendere,
1626 3398 1724 3462 ita
1767 3397 1895 3482 ipsi
1942 3397 2100 3463 clari
2143 3419 2255 3481 po-

245 3490 586 3568 tentesque
621 3484 781 3549 fieri.
845 3489 1073 3550 contra
1100 3507 1210 3550 eos
1246 3508 1501 3551 summa
1528 3508 1648 3570 ope
1683 3486 2015 3550 nitebatur
2049 3485 2253 3569 plera·
2289 3501 2325 3548 2

245 3594 369 3658 (1110
440 3571 752 3637 nobilitas
815 3576 1078 3638 senatus
1141 3574 1355 3657 speeie
1423 3595 1543 3658 pro
1608 3594 1727 3639 sua
1788 3572 2252 3661 magnitudine.
