2650 4059
682 263 971 319 BELLUM
1008 263 1399 319 CATILINAE
1437 283 1484 321 c.
1520 272 1746 322 46-49.
2153 265 2236 329 27

352 408 519 473 Post
564 431 712 473 eum
757 409 929 473 diem
975 408 1237 492 quidam
1281 408 1355 472 L.
1391 408 1779 492 Tarquinius
1826 410 1908 474 ad
1944 415 2241 475 senatum
2278 426 2310 474 3

216 497 538 561 adductus
595 500 761 579 erat,
818 518 1012 580 quem
1064 496 1146 560 ad
1200 495 1554 562 Catilinam
1598 498 2117 581 proficiscentem
2162 520 2242 562 ex

215 585 454 649 itinere
509 588 866 648 retractum
921 584 1197 648 aiebant.
1288 585 1345 647 is
1402 606 1549 648 cum
1604 606 1673 649 se
1719 585 1962 650 diceret
2006 585 2241 649 indica-
2276 601 2312 649 4

218 678 443 738 turum
503 672 580 736 de
637 672 1107 757 coniuratione,
1173 672 1228 735 si
1291 672 1450 736 fides
1515 672 1778 756 publica
1841 674 1995 737 data
2049 677 2240 756 esset,

218 762 438 825 iussus
486 782 526 823 a
552 760 816 824 consule
863 781 1026 843 quae
1075 759 1288 843 sciret,
1332 760 1596 844 edicere,
1643 761 1865 825 eadem
1901 760 2035 825 fere
2075 781 2240 843 quae

217 847 604 913 Volturcius
655 848 732 911 de
759 848 1008 931 paratis
1053 847 1385 931 incendiis,
1431 849 1509 912 de
1538 849 1728 912 caede
1775 849 2114 932 bonorum,
2162 848 2240 912 de

218 937 455 1001 itinere
509 935 801 1000 hostium
856 939 1154 999 senatum
1200 935 1421 999 docet:
1470 940 1808 1019 praeterea
1853 959 1922 1000 se
1968 937 2241 1001 missum

222 1046 263 1089 a
307 1022 394 1087 M.
426 1022 680 1107 Crasso,
726 1023 838 1107 qui
875 1022 1194 1088 Catilinae
1233 1024 1585 1106 nuntiaret,
1620 1046 1702 1088 ne
1741 1045 1887 1088 eum
1923 1023 2239 1088 Lentulus

222 1115 291 1177 et
337 1110 665 1196 Cethegus
718 1110 956 1211 aliique
1003 1133 1081 1174 ex
1127 1110 1572 1175 coniuratione
1618 1111 1999 1195 deprehensi
2045 1115 2241 1176 terre·

222 1203 388 1282 rent,
436 1219 641 1281 eoque
687 1199 898 1283 magis
943 1202 1324 1282 properaret
1362 1199 1442 1262 ad
1477 1200 1706 1263 urbem
1744 1200 2065 1283 adcedere,
2112 1220 2239 1283 quo

222 1291 292 1352 et
327 1290 690 1352 ceterorum
727 1286 978 1351 animos
1016 1286 1310 1351 reficeret
1348 1291 1415 1349 et
1449 1286 1550 1349 illi
1587 1286 1842 1350 facilius
1882 1309 1916 1350 e
1951 1286 2240 1371 1101101110

222 1375 643 1458 eriperentur.
735 1375 847 1438 sed
902 1374 1016 1437 ubi
1062 1372 1452 1474 Tarquinius
1500 1372 1808 1439 Crassum
1860 1374 2239 1456 nominavit,
2277 1390 2308 1437 5

222 1462 556 1527 hominem
608 1461 897 1526 nobilem
961 1462 1280 1525 maxumis
1337 1461 1582 1525 divitiis
1630 1483 1884 1525 summa
1926 1461 2240 1545 potentia,

224 1550 338 1614 alii
375 1571 514 1614 rem
550 1549 995 1614 incredibilem
1041 1550 1188 1632 rati,
1231 1570 1384 1632 pars
1432 1549 1696 1613 tametsi
1740 1570 1966 1613 verum
2003 1549 2242 1613 existu-

224 1639 512 1721 mabant,
558 1640 779 1701 tamen
819 1638 975 1720 quia
1009 1637 1080 1700 in
1115 1637 1235 1700 tali
1273 1641 1563 1720 tempore
1601 1641 1788 1701 tanta
1822 1637 1921 1701 vis
1957 1636 2241 1701 hominis

223 1726 440 1811 magis
496 1725 801 1789 leniunda
854 1746 1050 1808 quam
1095 1725 1487 1809 exagitanda
1529 1725 1870 1789 videbatur
1879 1775 1896 1808 ,
1950 1725 2241 1808 plerique

222 1813 464 1880 Crasso
530 1835 608 1876 ex
666 1813 951 1897 negotiis
1014 1811 1288 1895 privatis
1350 1813 1614 1876 obnoxii
1679 1813 2088 1877 conclamant
2150 1814 2244 1876 in-

221 1902 435 1966 dicem
480 1900 719 1964 falsum
765 1922 933 1984 esse,
988 1901 1192 1984 deque
1239 1921 1316 1963 ea
1361 1921 1430 1963 re
1484 1901 1822 1983 postulant
1867 1901 1967 1970 uti
2011 1899 2243 1964 refera-

221 1995 352 2054 tur.
442 1989 663 2072 itaque
711 1988 1085 2053 consulente
1132 1986 1442 2053 Cicerone
1487 1987 1789 2071 frequens
1838 1993 2098 2052 senatus
2142 1988 2242 2052 de·
2280 2007 2312 2052 6

223 2077 436 2142 cernit
508 2076 819 2159 Tarquini
881 2075 1192 2140 indicium
1262 2075 1504 2140 falsum
1567 2076 1771 2140 videri
1845 2098 2118 2159 eumque
2173 2077 2244 2139 in

222 2164 503 2229 vinculis
550 2164 958 2229 retinendum
999 2185 1208 2248 neque
1250 2163 1530 2247 amplius
1567 2167 1967 2248 potestatem
2002 2163 2243 2228 faciun-

223 2253 396 2336 dam,
439 2251 569 2315 nisi
615 2252 692 2317 de
740 2273 815 2316 eo
862 2252 1196 2335 indicaret,
1242 2252 1424 2316 cuius
1477 2252 1748 2316 consilio
1804 2255 2058 2316 tantam
2104 2273 2244 2315 rem

226 2343 403 2405 esset
458 2339 788 2404 mentitus.
880 2345 1066 2403 erant
1121 2360 1197 2403 eo
1255 2343 1548 2422 tempore
1606 2339 1717 2422 qui
1771 2338 2243 2403 existumarent
2281 2356 2311 2403 ’1
2417 2409 2440 2424 .

225 2427 539 2492 indicium
574 2427 736 2490 illud
774 2449 814 2491 a
847 2426 920 2491 P.
957 2427 1280 2491 Autronio
1319 2426 1780 2510 machinatum,
1820 2447 1947 2509 quo
1985 2426 2242 2490 facilius

225 2515 559 2600 appellato
594 2514 830 2580 Crasso
865 2536 984 2599 per
1019 2514 1401 2579 societatem
1435 2514 1708 2598 periculi
1744 2513 2028 2597 reliquos
2068 2513 2243 2578 illius

224 2603 526 2687 potentia
561 2607 832 2688 tegeret.
904 2603 1018 2666 alii
1044 2601 1468 2685 Tarquinium
1501 2623 1539 2665 a
1566 2600 1920 2667 Cicerone
1903 2601 2247 2665 inmissum
2283 2618 2315 2664 8

228 2691 509 2774 aiebant,
544 2712 626 2756 ne
663 2689 935 2756 Crassus
973 2712 1152 2755 more
1191 2712 1307 2754 suo
1348 2694 1649 2790 suscepto
1683 2690 2005 2754 malorum
2029 2694 2246 2774 patro—

228 2778 399 2844 011110
447 2800 585 2842 10111
629 2777 959 2862 publicam
1005 2778 1440 2843 conturbaret.
1521 2778 1737 2861 ipsum
1775 2776 2083 2843 Crassum
2122 2799 2243 2863 ego
2283 2795 2314 2841 9

95 2932 102 2939 ,
227 2871 460 2950 postea
494 2865 975 2949 praedicantem
1012 2865 1229 2931 audivi
1283 2870 1540 2929 tantam
1570 2865 1754 2929 illam
1784 2866 2243 2930 contumeliam

229 2954 357 3018 sibi
405 2955 486 3018 ab
533 2953 842 3020 Cicerone
887 2954 1257 3037 inpositam.

365 3040 492 3106 Sed
538 3042 743 3106 isdem
797 3042 1201 3124 temporibus
1250 3041 1324 3117 Q.
1373 3039 1644 3105 Catulus
1692 3045 1759 3104 et
1807 3038 1876 3105 C.
1919 3039 2073 3103 Piso
2136 3063 2244 3104 ne-
2262 3040 2349 3103 49

229 3151 353 3212 que
419 3130 721 3212 precibus
782 3150 992 3212 neque
1055 3129 1271 3214 gratia
1323 3149 1533 3211 neque
1597 3128 1809 3211 pretio
1867 3125 2245 3192 Ciceronem

228 3217 538 3300 inpellere
600 3220 896 3300 potuere,
958 3216 1058 3280 uti
1111 3238 1227 3300 per
1281 3216 1674 3300 Allobroges
1730 3218 1844 3278 aut
1899 3214 2101 3277 alium
2154 3216 2246 3278 in-

228 3304 437 3368 dicem
474 3302 543 3369 C.
582 3302 823 3369 Caesar
857 3267 1025 3368 falso
1061 3303 1526 3368 nominaretur.
1598 3324 1753 3366 nam
1787 3305 2061 3385 uterque
2100 3324 2247 3365 cum
2285 3318 2315 3364 2

230 3391 344 3456 1110
391 3392 610 3477 gravis
654 3391 1032 3456 inimicitias
1071 3392 1487 3455 exercebant.
1534 3389 1688 3454 Piso
1727 3391 2140 3474 oppugnatus
2178 3389 2249 3452 in

228 3480 464 3544 iudicio
528 3479 950 3562 pecuniarum
1012 3480 1517 3563 repetundarum
1580 3482 1849 3561 propter
1913 3476 2247 3541 cuiusdam

226 3566 672 3650 Transpadani
710 3567 1102 3649 supplicium
1137 3567 1471 3650 iniustum,
1510 3564 1780 3631 Catulus
1820 3587 1897 3630 ex
1931 3563 2248 3648 petitione
