2650 4059
533 224 827 280 BELLUM
860 226 1378 282 IUGURTHINUM
1412 242 1459 281 c.
1500 232 1796 282 106—110.
2059 228 2186 293 119

25 379 26 462 J
161 369 392 435 omnia
431 392 580 435 cum
607 370 722 434 illo
756 370 1014 456 integra
1049 370 1314 435 habere:
1350 392 1479 435 neu
1505 370 1862 456 Iugurthae
1896 371 2190 456 legatum

161 458 690 542 pertimesceret,
737 479 865 541 quo
910 480 1015 522 res
1063 459 1424 523 communis
1467 458 1772 524 licentius
1828 463 2189 544 gereretur3

163 567 326 610 nam
371 546 457 610 ab
503 545 757 610 insidiis
805 546 943 610 eius
990 546 1182 611 aliter
1220 546 1432 612 caveri
1464 545 1852 631 nequivisse.
1916 547 2030 611 sed
2067 568 2188 632 ego
2229 564 2260 611 3

167 633 518 717 conperior
569 633 905 699 Bocchum
959 634 1170 719 magis
1224 633 1474 700 Punica
1526 635 1651 699 fide
1706 655 1903 718 quam
1957 634 2040 699 ob
2096 656 2190 718 ea,

170 743 342 805 quae
384 719 830 806 praedicabat,
893 721 1088 786 simul
1132 721 1502 787 Romanum
1556 725 1624 786 et
1666 720 2021 786 Numidam
2075 743 2190 806 spe

167 809 354 893 pacis
412 808 757 873 attinuisse
811 809 1219 894 multumque
1282 832 1429 875 cum
1486 810 1702 874 animo
1760 831 1877 874 suo
1932 809 2191 874 volvere

173 897 469 981 solitum,
513 896 905 982 Iugurtham
941 896 1254 963 Romanis
1302 920 1387 962 an
1430 898 1531 962 1111
1579 896 1829 962 Sullam
1874 898 2191 982 traderet3

169 985 539 1050 lubidinem
583 985 930 1050 advorsum
973 1007 1122 1070 nos,
1177 989 1427 1050 metum
1479 1008 1599 1070 pro
1652 986 1843 1050 nobis
1891 984 2190 1050 suasisse.

171 1072 383 1158 igitur
425 1070 607 1137 Sulla
642 1073 978 1156 respondit
1023 1095 1091 1137 se
1134 1095 1345 1157 pauca
1388 1095 1607 1138 coram
1650 1072 1904 1158 Aspare
1940 1074 2193 1139 -locutu-
2224 1073 2350 1139 109

133 1175 140 1180 ’
171 1183 340 1243 111111,
387 1164 605 1226 cetera
641 1160 893 1226 occulte
927 1160 1109 1225 nullo
1148 1164 1261 1226 aut
1309 1182 1504 1246 quam
1538 1161 1969 1244 paucissumis
2013 1182 2194 1245 prae-

174 1248 493 1314 sentibus.
602 1247 798 1313 simul
874 1249 1101 1313 edocet
1186 1270 1351 1332 quae
1435 1247 1564 1313 sibi
1634 1250 2193 1332 responderentur.

170 1340 554 1421 postquam,
599 1336 794 1401 sicuti
836 1337 1151 1421 voluerat,
1195 1337 1555 1423 congressi,
1601 1336 1760 1401 dicit
1805 1358 1874 1401 se
1920 1337 2194 1401 missum
2230 1354 2275 1405 2

174 1446 217 1489 a
263 1425 527 1490 consule
571 1424 824 1489 venisse
871 1387 1239 1509 quaesitum
1285 1425 1367 1489 ab
1414 1443 1510 1508 ec,
1554 1445 1781 1507 pacem
1827 1445 1914 1488 an
1948 1423 2194 1487 bellum

175 1513 550 1598 agitaturus
585 1511 775 1577 foret.
837 1515 982 1577 tum
1015 1534 1147 1596 reX,
1181 1512 1282 1578 uti
1316 1515 1739 1612 praeceptum
1772 1511 2003 1595 fuerat,
2038 1513 2263 1594 posta

176 1601 350 1666 diem
395 1600 737 1665 decumum
780 1599 988 1665 redire
1030 1563 1239 1686 iuliet,
1285 1622 1362 1665 ac
1404 1599 1571 1665 nihil
1625 1599 1826 1664 etiam
1868 1620 2040 1664 nunc
2092 1598 2195 1663 de-

178 1687 486 1772 crevisse,
539 1689 654 1753 sed
708 1688 824 1753 illo
880 1688 983 1753 die
1036 1710 1516 1773 responsurum.
1607 1687 1832 1753 deinde
1887 1687 2080 1753 ambo
2125 1685 2197 1750 in

178 1798 301 1843 sua
344 1779 560 1842 castra
613 1776 893 1861 digressi
945 1780 1115 1841 sunt.
1206 1777 1318 1841 sed
1372 1776 1488 1841 ubi
1508 1776 1919 1860 plerumque
1977 1773 2194 1840 noctis
2231 1791 2266 1839 4

174 1864 518 1949 processit,
566 1861 748 1929 Sulla
792 1885 832 1928 a
866 1862 1128 1929 Boccho
1177 1865 1428 1929 occulte
1466 1851 1836 1930 accersitur.
1901 1864 1991 1927 ab
2019 1866 2197 1927 utro-

179 1973 306 2036 que
352 1955 613 2017 tantum
657 1952 849 2016 modo
912 1952 1028 2016 fidi
1088 1951 1480 2035 interpretes
1545 1952 1960 2036 adhibentur,
2017 1971 2197 2034 prae-

177 2045 362 2105 terea
405 2038 630 2106 Dabar
672 2040 1133 2125 internuntius,
1179 2043 1444 2105 sanctus
1490 2040 1592 2105 vir
1636 2043 1704 2104 et
1750 2062 1828 2105 ex
1873 2038 2199 2105 sententia

179 2128 517 2193 ambobus.
608 2149 684 2194 ac
729 2127 958 2192 statim
1005 2127 1099 2193 sic
1143 2149 1259 2194 rex
1300 2128 1560 2212 incipit:

315 2214 728 2299 ‘Numquam
759 2236 881 2301 ego
929 2220 1111 2281 ratus
1158 2238 1303 2281 sum
1357 2216 1496 2281 fore
1550 2215 1652 2280 uti
1696 2236 1811 2280 rex
1855 2235 2196 2279 maxumus
2228 2215 2356 2281 110

177 2304 251 2369 in
293 2303 419 2369 hac
463 2307 642 2368 terra
687 2306 754 2368 et
800 2303 1117 2388 omnium,
1182 2325 1346 2388 quos
1399 2303 1581 2386 novi,
1642 2302 1900 2386 privato
1945 2302 2197 2366 homini

178 2390 466 2478 gratiam
511 2392 828 2456 deberem.
891 2394 959 2455 et
1003 2391 1387 2474 mehercule,
1435 2389 1634 2474 Sulla,
1679 2393 1831 2454 ante
1877 2393 1943 2453 te
1981 2389 2198 2473 cogni·
2233 2406 2266 2454 2

169 2484 325 2545 ‘tum
369 2478 597 2544 multis
644 2479 1010 2564 orantibus,
1064 2479 1211 2544 aliis
1261 2479 1439 2544 ultro
1481 2481 1758 2564 egomet
1811 2498 2000 2561 opem
2055 2475 2198 2560 tuli,

177 2567 424 2633 nullius
470 2567 738 2653 indigui.
801 2567 869 2631 id
904 2567 1325 2653 inminutum,
1372 2556 1545 2652 quod
1591 2565 1791 2633 ceteri
1836 2565 2052 2630 dolere
2099 2585 2197 2628 so·
2233 2582 2317 2629 3

178 2657 351 2740 lent,
397 2675 520 2741 ego
564 2655 793 2720 laetor.
882 2654 1083 2721 fuerit
1136 2655 1300 2722 mibi
1355 2655 1701 2740 aliquando
1757 2653 2014 2739 eguisse
2057 2674 2199 2737 pre-

99 2754 104 2758 '
178 2744 352 2809 tium
397 2746 547 2808 tuae
595 2742 949 2827 amicitiae,
1015 2766 1145 2828 qua
1202 2745 1377 2846 apud
1429 2744 1718 2809 animum
1771 2764 2007 2816 meum
2030 2740 2199 2806 1111111

178 2831 396 2899 carius
440 2831 668 2897 habeo.
758 2831 826 2896 id
873 2832 1030 2896 adeo
1079 2832 1357 2932 experiri
1402 2831 1574 2896 licet.
1655 2853 1837 2895 arma
1872 2831 2048 2895 viros
2093 2851 2200 2913 pe-
2237 2847 2271 2894 4

178 2919 473 3003 cuniam,
517 2923 849 3012 postremo
899 2919 1204 3004 quicquid
1250 2920 1466 2984 animo
1513 2919 1723 3002 lubet,
1769 2939 1951 2982 sume
1996 2922 2200 3002 utere,

109 3073 112 3078 .
177 3011 265 3091 et,
315 3006 529 3092 quoad
572 3006 777 3091 vives,
820 3029 1178 3091 numquam
1223 3006 1348 3070 tibi
1392 3005 1745 3071 redditam
1759 3005 2043 3089 gratiam
2087 3026 2200 3087 pu-

177 3095 451 3162 taveris.
513 3116 769 3178 semper
813 3095 985 3180 apud
1038 3116 1141 3160 me
1186 3095 1446 3179 integra
1491 3092 1644 3177 erit3
1705 3092 1980 3175 denique
2031 3090 2199 3155 nihil

177 3206 284 3249 me
324 3183 569 3249 sciente
596 3182 844 3250 frustra
869 3183 1067 3248 voles.
1138 3204 1324 3283 nam,-
1355 3185 1432 3247 ut
1468 3202 1590 3267 ego
1628 3183 1944 3264 aestumo,
1978 3200 2199 3264 regem
2238 3195 2269 3243 5

177 3272 381 3338 armis
429 3291 626 3354 quam
671 3271 1115 3336 munificentia
1157 3269 1331 3335 vinci
1376 3270 1591 3333 minus
1635 3268 2036 3354 flagitiosum
2083 3271 2200 3330 est.
2380 3269 2385 3270 ⁷

314 3357 622 3425 Ceterum
667 3358 746 3423 de
791 3379 862 3423 re
906 3359 1169 3443 publica
1213 3360 1465 3442 vostra,
1521 3356 1703 3422 cuius
1759 3359 2022 3420 curator
2072 3353 2200 3418 huc
2239 3372 2270 3420 6

176 3448 420 3513 missus
469 3468 557 3530 es,
601 3446 844 3530 paucis
876 3447 1111 3530 accipe.
1155 3439 1403 3512 bellum
1449 3466 1570 3531 ego
1616 3444 1858 3529 populo
1903 3442 2245 3506 Romano

173 3556 389 3621 neque
434 3497 564 3600 feci
598 3556 808 3619 neque
845 3533 1095 3600 factum
1128 3556 1443 3619 umquam
1476 3533 1680 3619 volui3
1729 3536 1799 3600 at
1833 3530 1982 3597 finis
2020 3551 2200 3594 meos
