2650 4059
408 1099 413 1102 ,
488 1010 1354 1095 PRAEMONITUM
1399 1012 1958 1097 EDITORIS.

401 1173 728 1234 Sallustius
784 1193 821 1234 a
869 1193 964 1233 me
1008 1175 1357 1251 recognitus
1404 1175 1623 1252 quibus
1667 1176 2051 1253 potissimum
2095 1176 2242 1237 locis

218 1270 298 1329 ab
346 1271 589 1347 optimis
634 1270 805 1329 libris
850 1272 941 1330 ita
985 1270 1278 1349 discedat,
1321 1274 1396 1330 ut
1438 1270 1598 1330 inter
1642 1290 1705 1331 se
1752 1271 2242 1334 dissentientibus

214 1367 344 1426 illis
388 1386 579 1426 unum
625 1368 904 1444 pluresve
952 1369 1245 1444 sequatur
1289 1368 1400 1426 aut
1444 1366 1742 1444 corruptis
1778 1367 1993 1426 iisdem
2028 1369 2106 1427 ad
2143 1367 2242 1427 de·

216 1464 472 1524 teriores
528 1464 737 1526 redeat
781 1464 880 1526 vel
923 1464 1262 1540 probabilia
1307 1465 1573 1523 sectetur
1617 1463 1999 1535 coniecturis,
2055 1483 2242 1541 prope

218 1560 380 1620 diem
432 1560 698 1638 praefari
752 1560 902 1619 mihi
952 1561 1161 1620 licebit
1216 1564 1279 1620 et
1328 1560 1642 1620 doctorum
1685 1560 1908 1620 iudicio
1955 1560 2241 1620 subicere.

216 1657 291 1715 In
335 1657 430 1716 his
476 1657 719 1717 interim
765 1656 1234 1735 exemplaribus,
1291 1674 1446 1734 quae
1492 1656 1833 1715 scholarum
1876 1657 2134 1715 maxime
2179 1657 2242 1715 in

218 1772 400 1813 usum
437 1753 716 1832 eduntur,
761 1753 1028 1814 breviter
1066 1753 1328 1814 indicavi
1367 1753 1829 1829 discrepantiam
1864 1753 2083 1830 prioris
2120 1754 2242 1812 edi-

218 1850 403 1910 tionis
465 1849 942 1928 Teubnerianae,
1009 1868 1191 1926 quam
1253 1852 1570 1909 curaverat
1623 1849 1923 1908 Rudolfus
1976 1849 2240 1909 Dietsch.

220 1945 388 2015 Quae
453 1945 655 2006 tamen
721 1946 797 2005 ad
849 1946 1172 2008 verborum
1225 1946 1450 2004 formas
1504 1944 1921 2021 scribendique
1975 1945 2241 2006 rationes

218 2044 541 2123 pertinent,
587 2063 706 2104 non
752 2043 953 2104 omnia
994 2042 1361 2121 enumeravi,
1406 2040 1511 2100 sed
1545 2040 1911 2100 notabiliora
1946 2041 2240 2118 quaedam

219 2157 252 2197 e
298 2138 474 2198 Bello
513 2136 809 2198 Catilinae
857 2139 1115 2215 exempli
1164 2157 1348 2198 causa
1390 2137 1694 2214 proposui.
1766 2137 2106 2215 Praeterea,
2152 2138 2240 2196 di-

217 2236 592 2313 scipulorum
636 2238 710 2294 ut
755 2235 1129 2295 consulerem
1173 2234 1449 2310 utilitati,
1498 2233 1646 2310 ipsis
1691 2233 1880 2292 Bellis
1928 2237 1990 2292 et
2033 2232 2240 2292 Histo-

217 2331 448 2392 riarum
504 2331 878 2392 orationibus
925 2334 1108 2407 atque
1155 2330 1433 2408 epistulis
1476 2329 1762 2406 praemisi
1808 2329 2032 2388 selecta
2075 2332 2242 2390 vete-

215 2449 356 2488 rum
400 2428 472 2489 de
521 2428 812 2488 Sallustio
858 2427 1220 2486 testimonia.
