2650 4059
609 231 903 286 BELLUM
937 230 1458 287 IUGURTHINUM
1493 248 1542 287 c.
1581 237 1807 287 95—98.
2015 309 2032 326 .
2101 232 2224 298 111

181 376 418 440 consul
471 398 551 440 ex
597 375 824 440 multis
874 377 951 440 de
988 375 1283 440 hostium
1320 376 1604 440 adventu
1641 377 1950 461 cognovit
1995 380 2064 442 et
2098 377 2226 463 ipsi

179 464 414 528 hostes
483 465 778 548 aderant,
846 468 914 528 et
967 464 1150 548 prius
1208 486 1404 548 quam
1451 464 1771 529 exercitus
1828 469 1942 529 aut
1987 465 2227 530 instrui

182 556 301 615 aut
340 552 638 616 sarcinas
678 552 1027 638 conligere,
1074 551 1350 635 denique
1389 556 1541 616 ante
1580 574 1775 635 quam
1813 553 2071 638 signum
2112 558 2227 618 aut

181 640 544 722 imperium
588 640 798 704 ullum
847 640 1138 724 accipere
1163 639 1425 723 gui-nt,
1470 640 1722 723 equites
1768 639 1984 705 Mauri
2030 645 2226 724 atque

185 727 476 811 Gaetuli,
531 750 667 793 non
722 727 860 793 acie
904 750 1116 811 neque
1160 727 1298 792 ullo
1356 750 1536 792 more
1589 728 1797 813 proeli
1856 729 1968 793 sed
2026 733 2228 793 cater-

183 815 416 898 vatim,
461 815 594 880 uti
583 837 907 899 quosque
952 816 1089 881 fors
1135 816 1669 901 conglobaverat,
1715 816 1785 880 in
1827 820 2089 882 nostros
2134 817 2227 880 in-

186 906 482 968 currunt.
564 904 677 987 qui
724 925 948 968 omnes
996 903 1234 988 trepidi
1279 904 1612 988 inproviso
1660 909 1840 969 metu
1887 927 1961 969 ac
2007 910 2227 969 tamen
2263 918 2296 968 5

184 991 460 1055 virtutis
519 1013 840 1055 memores
876 996 1021 1056 aut
1086 1014 1267 1056 arma
1331 992 1675 1076 capiebant
1740 995 1855 1056 aut
1909 993 2224 1076 capientis

188 1079 357 1144 alios
407 1079 498 1144 ab
536 1080 841 1145 hostibus
890 1079 1344 1164 defensabant3
1396 1101 1549 1163 pars
1606 1102 1806 1165 equos
1867 1082 2226 1164 ascendere,

187 1167 459 1233 obviam
510 1166 608 1232 ire
665 1168 999 1232 hostibus:
1063 1189 1286 1253 pugna
1349 1168 1696 1233 latrocinio
1753 1170 1963 1254 magis
2027 1191 2224 1252 quam

187 1254 447 1340 proelio
487 1255 722 1319 similis
759 1255 930 1320 fieri·
977 1256 1118 1321 sine
1165 1256 1373 1341 signis
1422 1256 1560 1320 sine
1599 1256 1932 1321 ordinibus
1969 1258 2223 1340 equites

187 1344 575 1428 peditesque
620 1343 930 1427 permixti
983 1344 1206 1408 cedere
1253 1344 1367 1406 alii
1413 1343 1527 1407 alii
1574 1344 1989 1427 obtruncare,
2034 1345 2223 1409 multi

191 1436 428 1497 contra
473 1432 786 1496 advorsos
832 1453 1166 1496 acerrume
1202 1435 1572 1516 pugnantes
1613 1432 1693 1495 ab
1733 1435 1920 1517 tergo
1959 1432 2213 1496 circum

190 1519 432 1604 veniri3
493 1541 705 1603 neque
759 1518 971 1584 virtus
1025 1541 1237 1604 neque
1293 1541 1477 1583 arma
1532 1519 1692 1584 satis
1758 1523 2005 1605 tegere,
2069 1519 2223 1603 quia

189 1609 422 1673 hostes
479 1629 751 1673 numero
814 1609 1036 1692 plures
1099 1612 1166 1672 et
1228 1608 1514 1692 undique
1580 1607 1957 1673 circumfusi
2021 1612 2224 1672 erant.

194 1696 475 1780 denique
530 1695 836 1780 Romani,
898 1695 1056 1760 novi
1098 1698 1482 1779 veteresque
1546 1700 1614 1760 et
1668 1697 1752 1760 ob
1807 1718 1884 1760 ea
1946 1695 2224 1761 scientes

195 1785 375 1867 belli,
422 1783 480 1848 si
518 1805 686 1867 quos
723 1785 906 1849 locus
945 1787 1060 1848 aut
1097 1804 1286 1848 casus
1324 1784 1764 1866 coniunxerat,
1802 1784 1981 1864 orbis
2017 1784 2225 1849 fecere

196 1876 395 1955 atque
433 1872 531 1936 ita
567 1873 650 1935 ab
690 1873 994 1937 omnibus
1041 1872 1341 1974 partibus
1388 1871 1583 1935 simul
1620 1872 1781 1936 tecti
1817 1875 1885 1936 et
1919 1872 2225 1936 instructi

192 1960 493 2024 hostium
539 1960 674 2024 vim
721 1960 1250 2026 sustentabantu-
1243 1981 1494 2044 neque
1549 1960 1619 2024 in
1673 1982 1749 2024 eo
1804 1963 1942 2024 tam
1997 1981 2224 2045 aspero
2245 1958 2330 2025 98

193 2048 473 2133 negotio
519 2046 768 2112 Marius
825 2048 1094 2112 territus
1162 2021 1276 2111 aut
1332 2047 1542 2133 magis
1608 2070 1802 2132 quam
1867 2052 2061 2112 antea
2123 2049 2227 2112 de-

187 2137 407 2201 misso
457 2136 675 2200 animo
720 2134 875 2220 fuit,
931 2136 1043 2200 sed
1090 2157 1239 2200 cum
1285 2140 1504 2199 turma
1550 2157 1692 2219 sua,
1738 2158 1933 2219 quam
1979 2157 2056 2200 ex
2100 2135 2227 2201 for-

198 2223 502 2289 tissumis
542 2223 753 2308 magis
784 2245 982 2307 quam
1016 2222 1568 2288 familiarissumis
1604 2226 1964 2306 paraverat,
1998 2224 2225 2308 vagari

196 2312 451 2397 passim
506 2334 583 2376 ac
630 2312 1334 2376 modo-laborantibus
1391 2311 1525 2374 suis
1581 2332 1978 2393 succurrere,
2033 2311 2225 2375 modo

196 2401 442 2484 hostis,
496 2398 610 2464 ubi
657 2399 1146 2465 confertissumi
1192 2400 1605 2482 obstiterant,
1649 2398 1976 2482 invadere3
2029 2420 2227 2462 manu

199 2488 541 2554 consulere
614 2487 938 2552 militibus
952 2538 969 2571 ‚
1044 2488 1353 2571 quoniam
1423 2487 1742 2570 imperare
1818 2485 2224 2551 conturbatis

201 2576 508 2642 omnibus
551 2597 687 2640 non
730 2579 1010 2658 poterat.
1102 2575 1363 2659 iamque
1409 2576 1545 2640 dies
1592 2578 2013 2659 consumptus
2065 2578 2222 2659 erat,
2264 2591 2296 2636 2

200 2687 353 2730 cum
407 2667 631 2727 tamen
684 2663 949 2727 barbari
993 2663 1161 2727 nihil
1214 2664 1548 2728 remittere
1602 2667 1824 2749 atque,
1881 2662 1983 2727 uti
2036 2683 2223 2748 reges

200 2755 689 2837 praeceperant,
733 2755 995 2816 noctem
1038 2774 1159 2835 pro
1206 2773 1275 2816 se
1320 2753 1450 2816 rati
1497 2752 1709 2816 acrius
1754 2752 2017 2816 instare.
2082 2755 2226 2815 tum
2262 2769 2293 2813 3

201 2840 456 2904 Marius
513 2861 591 2904 ex
647 2839 835 2923 copia
888 2861 1105 2903 rerum
1170 2840 1514 2904 consilium
1572 2840 1781 2903 trahit
1844 2845 2067 2924 atque‚
2127 2840 2227 2903 uti

203 2929 341 2993 suis
391 2927 683 3011 receptui
729 2928 911 2991 locus
949 2932 1139 3010 esset,
1178 2927 1364 2991 collis
1408 2928 1569 2990 duos
1607 2927 2009 3011 propinquos
2055 2927 2228 2991 inter

203 3039 273 3082 se
323 3019 619 3098 occupat,
667 3036 946 3098 quorum
973 3014 1043 3078 in
1069 3036 1217 3097 un0‚
1264 3015 1498 3078 castris
1537 3035 1768 3097 parum
1805 3015 2042 3099 amplo,
2077 3015 2224 3079 fons

203 3126 413 3188 aquae
452 3123 728 3187 magnus
767 3107 926 3184 erat,
965 3102 1130 3165 alter
1166 3102 1315 3166 usui
1345 3106 1766 3185 opportunus,
1805 3102 1958 3185 quia
1992 3124 2229 3188 magna

201 3197 394 3277 parte
441 3190 654 3258 editus
702 3194 769 3253 et
812 3211 1122 3273 praeceps
1169 3212 1377 3272 pauca
1412 3190 1816 3253 munimenta
1856 3192 2227 3273 quaerebat.

203 3286 497 3346 ceterum
552 3278 721 3361 apud
778 3298 1014 3360 aquam
1073 3275 1322 3342 Sullam
1382 3300 1528 3343 cum
1583 3277 1910 3361 equitibus
1966 3283 2228 3343 noctem
2265 3294 2298 3341 4

203 3370 461 3455 agitare
505 3366 717 3449 iubet,
770 3365 912 3448 ipse
965 3365 1284 3448 paulatim
1340 3367 1666 3449 dispersos
1722 3365 1965 3429 milites
2019 3388 2227 3449 neque

203 3457 423 3522 minus
478 3454 783 3519 hostibus
841 3455 1247 3518 conturbatis
1300 3454 1372 3517 in
1423 3475 1625 3517 unum
1671 3453 2028 3538 contrahit,
2083 3454 2231 3517 dein

202 3549 480 3613 cunctos
532 3542 728 3626 pleno
792 3542 999 3625 gradu
1056 3541 1121 3606 in
1180 3542 1414 3608 collem
1476 3542 1798 3608 subducit.
1888 3537 1986 3606 ita
2040 3563 2227 3627 reges
2269 3555 2301 3602 5
