2650 4059
10 3216 95 3586 μιιω

10 3910 13 3915 Α
8 3772 26 3793 ,
10 3660 13 3695 -

21 3679 82 3844 0-*4

595 309 599 313 ι
633 238 923 292 BELLUM
960 237 1480 299 IUGURTHINUM
1518 257 1564 294 c.
1601 247 1827 295 47-50.
2164 241 2244 304 77

227 384 310 448 ab
357 383 805 448 Romanorum
852 383 1128 447 avaritia
1173 383 1546 448 defendant:
1594 406 1740 449 cum
1786 385 1878 448 eis
1921 389 2250 449 certamen

225 471 393 553 fore,
450 493 612 555 quos
669 475 861 534 antea
913 471 1121 535 victos
1180 472 1298 535 sub
1354 472 1581 557 iugum
1635 472 1956 556 miserint3
2019 473 2247 537 ducem

228 559 383 642 illis,
417 580 553 623 non
580 559 867 622 animum
896 562 1251 642 mutatum3
1288 580 1452 642 quae
1488 560 1570 623 ab
1608 560 1998 643 imperatore
2027 560 2248 624 decue·
2533 632 2538 639 ¹

224 647 362 711 rint
392 647 610 710 omnia
637 646 771 711 suis
799 647 1077 730 provisa,
1106 647 1321 710 locum
1352 648 1767 731 superiorem,
1794 651 1870 711 ut
1896 648 2245 732 prudentes

227 756 378 799 cum
433 733 762 818 inperitis,
815 756 896 798 ne
950 735 1286 817 pauciores
1346 757 1492 800 cum
1544 735 1840 819 pluribus
1896 740 2010 799 aut
2055 736 2244 811 rudes
2263 727 2648 868 »7935

227 845 376 887 cum
404 822 567 886 belli
594 821 971 886 melioribus
991 844 1254 887 manum
1274 827 1700 887 consererent.
1743 822 2013 907 proinde
2031 824 2245 907 parati
2283 843 2314 889 3

226 911 596 993 intentique
643 913 861 973 essent
903 910 1090 994 signo
1128 910 1281 974 dato
1319 910 1651 975 Romanos
1687 911 2013 976 invadere:
2058 911 2245 975 illum

227 999 401 1062 diem
464 1002 579 1061 aut
644 997 854 1062 omnis
909 997 1164 1063 labores
1221 1002 1288 1062 et
1341 999 1648 1063 victorias
1714 999 2245 1067 confirmaturum
2568 1045 2581 1053 -

228 1090 344 1150 aut
399 1107 848 1149 maxumarum
905 1107 1357 1149 aerumnarum
1412 1086 1672 1150 initium
1725 1086 1879 1151 fore.
1986 1088 2067 1151 ad
2120 1087 2244 1151 hoc
2282 1107 2315 1152 4

227 1174 498 1257 viritim,
547 1173 647 1237 uti
694 1194 1011 1257 quemque
1059 1174 1140 1238 ob
1188 1174 1471 1238 militare
1516 1174 1767 1238 facinus
1812 1175 2086 1258 pecunia
2130 1177 2245 1238 aut

224 1263 475 1327 honore
532 1261 880 1343 extulerat,
934 1260 1458 1325 conmonefacere
1512 1262 1772 1326 benifici
1826 1263 1927 1326 sui
1982 1267 2048 1327 et
2097 1257 2484 1428 &W

228 1351 450 1434 ipsum
498 1348 645 1413 aliis
690 1353 1038 1432 ostentare,
1083 1353 1416 1432 postremo
1460 1371 1581 1433 pro
1629 1350 1937 1432 cuiusque
1983 1349 2203 1435 ingeni
2594 1354 2606 1363 '

226 1437 594 1520 pollicendo
641 1436 999 1501 minitando
1048 1437 1436 1502 obtestando
1484 1437 1684 1501 alium
1729 1437 1857 1501 alio
1905 1437 2096 1501 modo
2143 1459 2244 1500 ex-

229 1525 463 1606 citare,
519 1545 666 1588 cum
721 1525 983 1588 interim
1029 1524 1333 1589 Metellus
1386 1524 1653 1610 ignarus
1688 1524 1980 1589 hostium
2024 1528 2245 1589 monte
2646 1581 2648 1584 .

230 1612 609 1698 degrediens
664 1634 812 1676 cum
867 1612 1152 1677 exercitu
1208 1615 1636 1695 conspicatur.
1725 1612 1937 1696 primo
1993 1612 2245 1695 dubius,
2273 1616 2312 1677 '5
2646 1639 2648 1642 ·

232 1701 543 1785 quidnam
586 1700 855 1764 insolita
893 1700 1091 1764 facies
1131 1701 1500 1766 ostenderet
1539 1698 1716 1787 (nam
1750 1701 1924 1764 inter
1958 1700 2246 1785 virgulta

231 1789 382 1871 equi
427 1786 876 1871 Numidaeque
932 1789 1381 1872 consederant,
1435 1810 1644 1872 neque
1696 1789 1887 1872 plane
1936 1789 2244 1853 occultati

229 1876 604 1940 humilitate
659 1876 966 1940 arborum
1020 1880 1087 1940 et
1132 1879 1352 1941 tamen
1396 1877 1656 1961 incerti,
1703 1877 2010 1959 quidnam
2055 1880 2245 1960 esset,

231 1986 381 2029 cum
433 1967 670 2028 natura
722 1963 851 2029 loci
903 1969 1047 2028 tum
1092 1964 1241 2028 dolo
1286 1964 1415 2047 ipsi
1462 1968 1655 2048 atque
1702 1965 1889 2049 signa
1934 1964 2247 2028 militaria
2646 2025 2648 2034 ,

230 2048 621 2135 obscurati),
681 2051 829 2115 dein
881 2052 1064 2116 brevi
1119 2052 1400 2137 cognitis
1455 2053 1707 2117 insidiis
1763 2053 2093 2136 paulisper
2138 2072 2246 2136 ag-
2646 2097 2648 2138 Ι

230 2161 383 2203 men
438 2138 796 2204 constituit.
895 2140 989 2204 ibi
1045 2140 1440 2205 conmutatis
1497 2140 1830 2205 ordinibus
1885 2140 1957 2204 in
1992 2140 2244 2224 ‘dextro
2283 2159 2315 2204 6

230 2228 465 2310 latere,
522 2228 693 2309 quod
746 2249 1133 2310 proxumum
1187 2228 1401 2292 hostis
1456 2232 1624 2316 erat,
1677 2227 2044 2311 triplicibus
2100 2228 2246 2291 sub·

230 2315 415 2382 sidiis
472 2316 677 2379 aciem
730 2315 1067 2399 instruxit,
1122 2315 1293 2380 inter
1347 2316 1712 2399 manipulos
1766 2314 2127 2379 funditores
2179 2319 2246 2378 et

230 2402 616 2489 sagittarios
679 2403 1008 2487 dispertit,
1072 2403 1437 2487 equitatum
1493 2424 1750 2468 omnem
1810 2403 1881 2466 in
1942 2401 2245 2466 cornibus

229 2492 408 2556 locat
417 2533 451 2574 ,-
481 2512 557 2554 ac
600 2512 807 2575 pauca
847 2513 966 2575 pro
1014 2494 1305 2574 tempore
1361 2491 1604 2556 milites
1657 2491 1959 2555 hortatus
2025 2489 2246 2573 aciem,

231 2579 428 2644 sicuti
471 2578 889 2666 instruxerat,
934 2579 1325 2643 transvorsis
1366 2578 1703 2663 principiis
1738 2579 1809 2643 in
1841 2578 2109 2662 planum
2146 2578 2247 2641 de-

230 2647 474 2746 ducit&
520 2666 633 2730 sed
687 2666 800 2730 ubi
844 2665 1163 2731 Numidas
1220 2667 1475 2758 quietos
1520 2688 1727 2751 neque
1774 2666 1937 2731 colle
1984 2665 2246 2751 degredi
2266 2665 2352 2731 50

232 2753 718 2837 animadvortit,
752 2755 997 2819 veritus
1036 2777 1114 2819 ex
1152 2756 1302 2819 anni
1342 2760 1633 2839 tempore
1671 2759 1739 2819 et
1775 2754 1996 2838 inopia
2025 2775 2247 2837 aquae,

232 2864 313 2906 ne
376 2842 488 2906 siti
536 2842 959 2907 conficeretur
1003 2843 1350 2927 exercitus,
1396 2842 1718 2908 Rutilium
1763 2843 2055 2928 legatum
2100 2863 2246 2906 cum

232 2930 554 3015 expeditis
611 2930 988 2995 cohortibus
1045 2934 1113 2994 et
1165 2935 1354 3014 parte
1410 2931 1704 3015 equitum
1765 2929 2103 3014 praemisit
2166 2929 2247 2993 ad

236 3018 496 3102 flumen,
541 3018 641 3082 uti
685 3018 902 3083 locum
948 3018 1181 3084 castris
1228 3022 1657 3104 antecaperet,
1702 3018 2101 3082 existumans
2119 3017 2249 3081 -ho-
2378 3098 2398 3109 ο

233 3106 358 3169 stis
414 3106 640 3170 crebro
696 3106 943 3189 impetu
1000 3110 1067 3170 et
1121 3109 1514 3172 transvorsis
1567 3106 1832 3190 proeliis
1887 3105 2014 3169 iter
2059 3126 2249 3168 suum

233 3198 674 3258 remoraturos
704 3197 789 3276 et,
823 3194 1134 3280 quoniam
1160 3194 1360 3259 armis
1387 3194 1772 3277 diffiderent,
1799 3187 2514 3257 lassitudinem

233 3286 302 3345 et
348 3281 530 3345 sitim
574 3281 860 3345 militum
905 3286 1358 3366 temptaturoa
1449 3279 1675 3347 deinde
1715 3281 1855 3364 ipse
1891 3301 2011 3364 pro
2049 3302 2118 3344 re
2156 3283 2247 3343 at·
2283 3297 2315 3343 2

235 3391 360 3453 que
392 3369 555 3455 loco,
592 3369 787 3433 sicuti
824 3374 1045 3452 monte
1074 3370 1509 3454 descenderat,
1544 3368 1861 3453 paulatim
1887 3367 2250 3451 procedere,

234 3456 518 3522 Marium
561 3461 716 3542 post
752 3451 1072 3540 principia
1107 3457 1363 3542 habere,
1408 3459 1549 3542 ipse
1587 3479 1733 3522 cum
1771 3455 2072 3520 sinistrae
2109 3455 2247 3519 alae

234 3546 566 3629 equitibus
613 3566 772 3627 esse,
820 3543 931 3627 qui
974 3546 1043 3608 in
1088 3546 1347 3630 agmine
1390 3544 1717 3629 principes
1763 3542 1923 3607 facti
1969 3546 2170 3607 erant.
