2650 4059
621 223 917 278 BELLUM
949 224 1469 281 IUGURTHINUM
1505 242 1552 280 o.
1591 232 1657 280 ‘19
1678 231 1814 281 -82,
2146 228 2230 292 97

205 391 347 433 rem
378 368 1025 452 opportunissumam
1058 370 1319 453 incepto
1347 370 1521 435 bello
1558 370 1749 455 pauci
1784 369 2233 453 inpediverant

207 456 387 522 caeci
445 455 747 540 avaritia,
812 458 958 540 quis
1024 457 1244 522 omnia
1303 457 1581 523 honesta
1636 462 1832 542 atque
1885 458 2233 523 inhonesta

206 545 487 609 vendere
524 566 668 609 mos
706 549 865 609 era-t.
911 548 978 610 et
1014 546 1147 609 iam
1184 549 1379 610 antea
1404 545 1762 632 Iugurthae
1798 546 1938 610 filia
1968 545 2229 611 Boccho
2270 563 2299 624 ο

206 636 541 717 nupserat.
622 654 848 697 verum
894 655 971 698 ea
1012 634 1424 698 necessitudo
1471 635 1642 718 apud
1686 633 2006 698 Numidas
2052 633 2232 698 Mau-

207 742 452 804 rosque
496 720 659 797 levis
703 720 979 806 ducitur,
1026 722 1180 804 quia
1225 722 1468 807 singuli
1511 745 1631 806 pro
1680 722 1912 806 opibus
1959 721 2231 805 quisque

211 831 413 893 quam
458 808 794 892 plurumas
838 830 1101 894 uxores,
1156 810 1354 874 denas
1400 810 1515 874 alii
1561 810 1674 874 alii
1718 810 1925 894 pluris
1968 810 2232 893 habent,

210 898 325 962 sed
388 916 579 982 reges
643 918 719 961 eo
784 896 1080 981 amplius.
1177 897 1275 961 ita
1327 898 1582 962 animus
1637 898 2054 962 multitudine
2108 898 2233 962 dis·
2269 916 2300 962 '1

211 984 531 1049 trahitur·
575 984 757 1049 nulla
799 1007 920 1069 pro
968 985 1146 1050 socia
1190 986 1466 1070 optinet,
1510 987 1757 1071 pariter
1802 1008 2024 1052 omnes
2069 986 2233 1050 viles

212 1075 385 1137 sunt
488 1072 699 1157 igitur
759 1073 832 1137 in
892 1074 1110 1138 locum
1163 1075 1483 1139 ambobus
1546 1075 1864 1158 placitum
1908 1074 2230 1140 exercitus
2248 1076 2325 1142 81
2374 1109 2377 1110 ⁷

73 1196 78 1201 ·
213 1160 625 1225 conveniunt.
691 1161 787 1226 ibi
831 1161 958 1225 fide
1004 1161 1160 1226 data
1205 1166 1272 1226 et
1317 1165 1587 1246 accepta
1631 1162 1953 1248 Iugurtha
1987 1161 2232 1227 Bocchi

213 1249 512 1322 animum
566 1249 861 1313 oratione
926 1250 1244 1314 accendit.
1316 1249 1647 1314 Romanos
1711 1251 2019 1334 iniustos,
2089 1271 2234 1334 pro-

214 1336 418 1401 funda
455 1337 747 1421 avaritia,
786 1337 1147 1402 communis
1186 1338 1477 1402 omnium
1510 1337 1722 1402 hostis
1762 1359 1929 1422 esse3
1965 1338 2234 1402 eandem

212 1424 366 1489 illos
412 1445 675 1489 causam
719 1424 878 1490 belli
923 1446 1071 1490 cum
1122 1425 1386 1490 Boccho
1439 1425 1678 1490 habere
1688 1476 1705 1509 7
1760 1446 1956 1508 quam
2014 1446 2234 1490 secum

219 1516 289 1577 et
344 1535 493 1578 cum
558 1513 704 1577 aliis
768 1513 1094 1599 gentibus7
1156 1513 1515 1578 lubidinem
1577 1513 2022 1597 imperitandi,
2086 1512 2232 1595 quis

216 1601 438 1666 omnia
481 1622 685 1687 regna
728 1602 1004 1666 advorsa
1048 1602 1208 1686 sint3
1262 1606 1407 1665 tum
1453 1623 1611 1686 sese7
1655 1601 1852 1685 paulo
1899 1604 2049 1665 ante
2084 1599 2235 1666 Oar-

215 1688 677 1774 thaginiensis7
738 1690 900 1753 item
966 1710 1189 1790 regem
1251 1688 1523 1774 Persen,
1584 1692 1739 1774 post
1800 1690 1902 1754 uti
1960 1688 2233 1773 quisque

216 1777 771 1861 opulentissumus
807 1777 1122 1862 videatur,
1157 1776 1255 1842 ita
1290 1777 1604 1842 Romanis
1639 1778 1900 1843 hostem
1935 1777 2093 1842 fore
2139 1778 2234 1841 eis
2270 1794 2303 1842 2

214 1870 414 1949 atque
460 1865 606 1929 aliis
652 1866 897 1930 talibus
943 1866 1133 1930 dictis
1181 1865 1262 1929 ad
1291 1864 1543 1931 Cirtam
1579 1866 1890 1950 oppidum
1923 1866 2051 1929 iter
2088 1886 2235 1929 con-

216 1953 545 2037 stituunt7
567 1954 740 2036 quod
782 1954 875 2019 ibi
883 1955 1061 2038 [que]
1108 1953 1413 2018 Metellus
1458 1955 1766 2038 praedam
1812 1953 2232 2037 captivosque

216 2044 286 2106 et
311 2041 759 2125 inpedimenta
784 2042 1129 2107 locaverat.
1192 2042 1290 2106 ita
1314 2042 1640 2144 Iugurtha
1670 2047 1853 2107 ratus
1891 2046 2021 2106 aut·
2042 2046 2236 2125 capta
2269 2061 2301 2109 3

212 2131 378 2194 urbe
424 2151 658 2213 operae
692 2130 979 2215 pretium
1013 2129 1153 2194 fore
1192 2134 1324 2215 aut,
1371 2132 1428 2194 si
1464 2131 1593 2195 dux
1619 2130 1954 2195 Romanus
1990 2130 2233 2194 auxilio
2594 2177 2603 2190 ,

216 2217 353 2282 suis
399 2218 716 2302 venisset,
778 2218 1029 2302 proelio
1085 2238 1225 2282 sese
1280 2222 1665 2283 certaturos,
1751 2240 1904 2282 nam
1959 2217 2230 2283 callidus
2258 2176 2599 2306 ψιχίων(

216 2306 283 2369 id
319 2305 515 2370 modo
552 2305 926 2390 festinabat,
961 2305 1207 2371 Bocchi
1234 2328 1461 2390 pacem
1488 2306 1865 2389 inminuere7
1900 2327 1982 2369 ne
2013 2326 2230 2370 moras
2555 2259 2628 2398 J

212 2393 528 2479 agitando
575 2394 751 2458 aliud
796 2416 993 2477 quam
1036 2393 1284 2458 bellum
1327 2394 1572 2458 mallet.

349 2481 719 2564 Imperator
761 2486 1112 2566 postquam
1156 2482 1234 2546 de
1271 2502 1502 2567 regum
1548 2481 1859 2547 societate
1906 2480 2233 2567 cognovit,
2252 2484 2339 2549 82

211 2591 349 2634 non
385 2572 629 2633 temere
671 2591 898 2654 neque,
940 2569 1043 2634 uti
1089 2591 1279 2653 saepe
1322 2571 1458 2634 iam
1501 2570 1676 2636 ‘victo
1721 2569 2042 2656 Iugurtha
2087 2589 2233 2633 con-

214 2661 536 2740 sueverat,
581 2658 884 2722 omnibus
929 2658 1094 2722 locis
1139 2659 1472 2744 pugnandi
1518 2659 1772 2742 copiam
1815 2658 1992 2723 facit.
2067 2660 2233 2722 cete-

212 2766 364 2809 rum
416 2745 590 2809 haud
632 2746 860 2829 procul
907 2746 989 2809 ab
1037 2743 1223 2810 Cirta
1276 2747 1509 2811 castris
1564 2746 1834 2811 munitis
1888 2768 2074 2832 reges
2122 2767 2231 2847 op-

211 2832 486 2917 peritur,
530 2834 762 2898 melius
798 2855 940 2898 esse
976 2837 1158 2897 ratus
1197 2834 1479 2919 cognitis
1516 2833 1783 2917 Mauris,
1828 2836 2137 2918 quoniam
2170 2835 2230 2899 is

210 2942 422 2986 novos
466 2920 679 2985 hostis
728 2922 1113 3005 adcesserat7
1158 2943 1237 2986 ex
1281 2922 1621 2987 commodo
1667 2942 1955 3021 pugnam
1999 2922 2228 2987 facere.

211 3008 482 3074 interim
527 3008 740 3075 Roma
783 3013 901 3093 per
944 3010 1200 3074 litteras
1247 3009 1489 3074 certior
1531 3008 1610 3072 fit
1654 3008 2055 3093 provinciam
2095 3007 2228 3072 Nu·
2267 3029 2297 3076 2

211 3097 485 3162 midiam
520 3095 732 3163 Mario
771 3099 1020 3183 datam3
1061 3120 1215 3162 nam
1260 3098 1594 3162 consulem
1637 3096 1889 3161 factum
1935 3099 2084 3160 ante
2132 3118 2230 3161 ac-
2323 3133 2329 3139 ·

213 3189 495 3269 ceperat.
587 3186 823 3269 quibus
886 3186 1081 3251 rebus
1147 3207 1346 3269 supra
1406 3187 1651 3251 bonum
1714 3188 1828 3248 aut
1880 3183 2229 3249 honestum

210 3273 549 3357 perculsus
594 3296 804 3357 neque
849 3273 1172 3339 lacrumas
1218 3279 1439 3338 tenere
1482 3294 1690 3357 neque
1745 3272 2069 3337 moderari
2111 3273 2230 3337 lin-

212 3382 440 3447 guam,
501 3361 604 3426 vir
665 3361 969 3462 egregius
1030 3362 1103 3426 in
1163 3362 1310 3426 aliis
1375 3362 1626 3438 artibus
1683 3361 1880 3426 nimis
1943 3361 2230 3426 molliter

213 3449 690 3535 aegritudinem
733 3450 893 3534 pati.
975 3471 1169 3551 quam
1213 3471 1355 3514 rem
1400 3449 1514 3513 alii
1557 3450 1629 3513 ιιι
1673 3448 2045 3533 superbiam
2089 3472 2230 3515 vor·
2266 3467 2316 3514 3

211 3539 464 3622 tabant,
501 3538 614 3602 alii
640 3537 930 3604 bonum
911 3539 1245 3622 ingenium
1272 3537 1666 3603 contumelia
1702 3560 2045 3603 accensum
2072 3559 2230 3614 esse,

320 3651 639 3693 Samus-uus.
871 3681 876 3684 -
1985 3650 2017 3695 7
