2650 4059
811 220 907 275 EX
944 220 1304 276 HISTORIIS
1344 220 1457 277 OB.
1485 219 1746 277 LEPIDI.
2182 222 2310 285 123

275 386 450 448 quos
506 363 776 428 fortuna
829 365 1022 429 belli
1044 369 1563 450 consumpserat,
1626 365 1932 451 satiatus,
1997 367 2111 432 sed
2167 370 2310 431 tum

275 451 627 537 crudelior,
673 475 822 517 cum
855 453 1203 554 plerosque
1233 454 1550 519 secundae
1577 476 1682 518 res
1719 453 1790 518 in
1823 454 2311 520 miserationem

275 563 362 604 ex
409 540 510 603 ira
553 544 842 605 vortunt.
935 541 1094 625 quin
1147 542 1325 605 solus
1382 541 1674 607 omnium
1725 545 1881 625 post
1927 542 2309 607 memoriam
2346 558 2378 607 6

276 628 559 693 humani
610 630 849 711 ymeris
889 629 1225 731 ‘supplicia
1285 629 1358 693 in
1414 633 1568 714 post
1630 629 1888 694 futuros
1945 630 2308 715 conposuit,

278 716 437 800 quis
482 716 664 800 prius
709 716 949 783 iniuria
995 737 1191 801 quam
1235 716 1376 781 vita
1422 721 1600 782 certa
1645 721 1836 801 esset,
1880 718 2309 802 pravissume-

278 825 412 887 que
457 826 577 887 per
622 804 883 870 sceleris
928 804 1387 870 inmanitatem
1442 805 1650 871 adhuc
1708 808 1892 871 tutus
1947 805 2101 891 fuit,
2154 807 2310 871 dum

275 913 402 957 vos
449 896 631 957 metu
677 893 997 977 gravioris
1046 892 1273 957 serviti
1326 915 1367 957 a
1410 894 1769 977 repetunda
1821 893 2128 960 libertate
2182 898 2310 959 ter-

277 979 539 1044 remini.

420 1067 775 1169 Agundum
820 1072 1014 1152 atque
1062 1068 1322 1133 obviam
1368 1070 1648 1133 eundum
1693 1073 1821 1155 est,
1868 1069 2183 1154 Quirites,
2224 1092 2307 1135 ne
2345 1084 2377 1133 '1

281 1155 501 1240 spolia
544 1161 770 1221 vostra
804 1178 1001 1240 penes
1047 1156 1197 1221 illos
1246 1156 1397 1241 sint,
1439 1178 1573 1221 non
1606 1157 2066 1240 prolatandum
2098 1180 2307 1243 neque

281 1244 462 1309 votis
507 1245 796 1328 paranda
841 1244 1096 1309 auxilia.
1160 1244 1290 1309 nisi
1324 1244 1497 1309 forte
1535 1244 1813 1328 speratis
1851 1246 2194 1310 taedium
2175 1268 2309 1310 1am

283 1336 404 1397 aut
448 1333 764 1416 pudorem
809 1332 1170 1417 tyrannidis
1210 1330 1428 1397 Sullae
1466 1353 1607 1397 esse
1653 1336 1721 1396 et
1758 1353 1906 1397 eum
1940 1356 2060 1417 per
2096 1334 2305 1399 scelus

285 1423 607 1504 occupata
632 1420 1070 1504 periculosius
1097 1420 1532 1485 dimissurum.
1596 1424 1669 1484 at
1703 1420 1816 1484 ille
1854 1442 1930 1485 eo
1967 1421 2305 1506 processit,
2343 1436 2376 1486 8

284 1512 364 1574 ut
415 1507 584 1572 nihil
647 1508 1008 1594 gloriosum
1067 1508 1202 1584 nisi¹
1259 1512 1480 1574 tutum
1543 1511 1611 1573 et
1655 1508 1875 1573 omnia
1931 1508 2306 1574 retinendae

286 1595 754 1661 dominationis
808 1597 1087 1662 honesta
1142 1601 1481 1662 aestumet.
1572 1596 1792 1681 itaque
1839 1596 1956 1660 illa
2010 1596 2192 1682 quies
2239 1601 2306 1661 et
2345 1612 2376 1661 9

287 1684 502 1750 otium
557 1706 704 1750 cum
748 1685 1081 1769 libertate,
1136 1707 1298 1769 quae
1354 1685 1550 1750 multi
1599 1683 1790 1770 probi
1842 1684 2065 1770 potius
2113 1707 2307 1768 quam

285 1773 583 1838 laborem
628 1795 776 1838 cum
811 1773 1168 1839 honoribus
1216 1774 1666 1858 capessebant,
1718 1773 1902 1837 nulla
1947 1777 2125 1838 sunt:
2183 1774 2307 1839 hac
2346 1787 2412 1838 10

287 1865 682 1944 tempestate
737 1861 1153 1926 serviundum
1207 1865 1321 1925 aut
1378 1861 1908 1945 imperitandum,
1971 1861 2305 1927 habendus
2344 1895 2347 1898 >

291 1953 505 2014 metus
552 1953 654 2014 est
700 1952 814 2014 aut
859 1949 1223 2033 faciunduS,
1272 1948 1578 2024 Quirites.
1666 1971 1821 2013 nam
1875 1950 2032 2034 quid
2084 1949 2305 2015 ultra?
2346 1963 2407 2011 11

292 2058 535 2122 quaeve
579 2038 865 2102 humana
923 2040 1232 2122 superant
1288 2041 1401 2101 aut
1455 2037 1674 2101 divina
1726 2037 2050 2120 inpolluta
2104 2041 2259 2103 sunt
2272 2037 2306 2103 ⁴?

290 2125 570 2209 populus
607 2124 959 2210 Romanus,
1004 2126 1199 2226 paulo
1248 2128 1399 2189 ante
1437 2125 1733 2209 gentium
1768 2126 2158 2211 moderator,
2204 2148 2305 2190 ex-

292 2217 445 2278 utus
490 2213 765 2297 imperio
813 2213 1025 2299 gloria
1069 2214 1226 2298 iure,
1273 2213 1622 2299 agitandi
1603 2234 1793 2296 inops
1836 2213 2306 2297 despectusque

291 2324 372 2366 116
419 2301 680 2366 servilia
727 2301 988 2403 quidem
1034 2301 1343 2365 alimenta
1387 2300 1638 2385 reliqua
1681 2300 1898 2364 habet.
1981 2300 2307 2366 sociorum
2347 2316 2411 2364 12

293 2393 360 2454 et
403 2388 556 2453 Lati
619 2411 857 2475 magna
909 2389 1007 2454 vis
1073 2389 1338 2454 civitate
1400 2410 1520 2472 pro
1585 2388 1812 2451 multis
1886 2391 1954 2452 et
2024 2389 2306 2474 egregiis

292 2476 485 2542 factis
540 2500 580 2541 a
622 2477 810 2542 vobis
866 2478 1017 2542 data
1075 2499 1192 2561 per
1242 2499 1446 2541 unum
1497 2475 1942 2561 prohibentur
1983 2479 2051 2539 et
2094 2476 2305 2559 plebis

294 2564 592 2629 innoxiae
637 2565 885 2648 patrias
923 2566 1106 2629 sedes
1145 2586 1535 2649 occupavere
1561 2563 1754 2649 pauci
1790 2563 2107 2628 satellites
2145 2585 2307 2629 mer-

296 2653 514 2718 cedem
569 2653 938 2718 scelerums
990 2654 1170 2738 leges
1231 2652 1499 2738 iudicia,
1562 2652 1881 2717 aerarium
1932 2652 2307 2736 provinciae
2347 2667 2410 2716 13

296 2741 1297 2894 ἷῗὲθὶιξῖὲῗὶηᾚῖὲέἰῖἑῖῗέε
1312 2740 2307 2913 Πὲῗιέἰὲἐᾜῗθξὶιζῗέᾞὲἓΐι
2347 2844 2410 2891 14

297 2916 605 3002 sanguine
653 2917 844 2982 civili.
909 2921 1090 2982 estne
1135 2917 1293 2982 viris
1335 2918 1572 3002 reliqui
1609 2917 1785 2982 aliud
1822 2939 2019 3002 quam
2057 2918 2305 2981 solvere
2345 2932 2410 2980 15

297 3004 595 3069 iniuriam
650 3007 765 3070 aut
819 3005 986 3070 mori
1047 3027 1164 3090 per
1225 3005 1582 3070 virtutem?
1673 3005 1982 3088 quoniam
2046 3004 2305 3088 quidem

296 3114 492 3157 unum
536 3093 836 3157 omnibus
880 3094 1078 3158 finem
1121 3096 1360 3157 natura
1410 3093 1513 3158 161
1558 3093 1730 3158 ferro
1779 3092 2021 3176 saeptis
2070 3092 2305 3156 statuit

294 3198 496 3281 neque
553 3180 899 3264 quisquam
962 3184 1319 3245 extremam
1371 3181 1832 3246 necessitatem
1884 3179 2052 3245 nihil
2107 3201 2303 3245 ausus

295 3267 417 3332 nisi
462 3268 765 3333 muliebri
807 3269 1069 3355 ingenio
1117 3274 1433 3352 expectat.

422 3354 668 3420 Verum
715 3377 837 3442 ego
887 3356 1262 3440 seditiosus,
1315 3357 1415 3420 uti
1463 3355 1646 3421 Sulla
1693 3357 1813 3441 ait,
1861 3356 1973 3440 qui
2017 3355 2307 3440 praemia
2344 3370 2409 3419 16

299 3443 630 3509 turbarum
675 3465 938 3529 queror,
997 3449 1066 3510 et
1109 3444 1355 3508 bellum
1402 3444 1694 3528 cupiens,
1757 3444 1872 3529 qui
1929 3444 2072 3508 iura
2125 3443 2304 3527 pacis

298 3534 530 3629 repeto,
594 3531 864 3613 scilicet,
910 3533 1063 3616 quia
1105 3554 1240 3596 non
1285 3532 1476 3596 aliter
1522 3531 1688 3596 salvi
1733 3532 2022 3614 satisque
2069 3532 2200 3595 tuti
2237 3532 2308 3595 in
2346 3544 2406 3594 17
