2650 4059
672 250 967 307 BELLUM
1001 251 1520 338 IUGURTHINUM
1557 270 1603 307 c.
1634 260 1860 309 64—67.
2181 255 2265 319 89

243 418 404 464 suos
449 394 656 481 locos,
712 418 893 462 arma
936 397 1069 462 tela
1115 397 1397 481 aliaque,
1445 419 1607 481 quae
1654 419 1767 481 spe
1812 399 1993 482 pacis
2042 402 2267 465 amise-

247 489 373 569 rat,
418 485 679 550 reficere
726 490 840 549 aut
887 486 1309 569 conmercari3
1362 485 1630 549 servitia
1673 484 2118 552 Romanorum
2164 490 2267 552 ad·

247 574 443 644 licere
499 576 566 637 et
621 594 731 637 eos
777 574 982 657 ipsoS,
1049 573 1162 657 qui
1212 574 1284 637 in
1336 573 1676 656 praesidiis
1731 578 1943 658 erant,
1996 576 2268 659 pecunia

248 664 601 744 temptare:
645 682 913 743 prorsus
956 661 1122 725 nihil
1168 662 1492 725 intactum
1525 683 1734 745 neque
1773 663 2064 745 quietum
2110 665 2267 747 pati,

248 752 486 814 cuncta
532 748 798 833 agitare.
887 749 1095 834 igitur
1138 748 1502 834 Vagenses,
1549 771 1676 833 quo
1722 749 2027 815 Metellus
2076 751 2265 816 initio
2303 768 2335 815 2

248 836 574 937 Iugurtha
634 837 1017 921 pacificante
1080 837 1474 921 praesidium
1535 838 1941 923 inposuerat,
2003 839 2267 925 fatigati

248 925 426 1009 regis
473 925 810 1008 suppliciis
866 947 1075 1010 neque
1131 930 1324 990 antea
1367 926 1704 991 voluntate
1752 926 2044 1010 alienati,
2098 928 2268 1010 prin-

249 1014 427 1097 cipes
484 1012 771 1077 civitatis
825 1013 1000 1077 inter
1052 1034 1122 1078 se
1178 1013 1536 1078 coniurant.
1632 1036 1785 1078 nam
1847 1014 2105 1101 volgus,
2168 1016 2269 1080 uti

248 1102 631 1185 plerumque
678 1099 848 1166 solet
892 1105 960 1165 et
1006 1122 1302 1165 maxume
1331 1100 1781 1186 Numidarum,
1825 1103 2089 1187 ingenio
2138 1125 2269 1168 mo-

250 1189 388 1273 bili,
436 1188 819 1254 seditiosum
864 1193 1058 1272 atque
1104 1188 1576 1254 discordiosum
1615 1193 1772 1274 erat,
1819 1192 2123 1274 cupidum
2158 1214 2270 1257 no-

248 1299 481 1342 varum
525 1298 772 1360 rerum,
829 1276 1036 1361 quieti
1082 1281 1148 1341 et
1196 1276 1333 1342 otio
1381 1278 1740 1341 advorsum.
1832 1278 1980 1342 dein
2039 1301 2272 1364 conpo-

249 1366 398 1431 sitis
445 1365 620 1429 inter
664 1386 732 1429 se
769 1366 962 1429 rebus
1001 1387 1084 1451 ι3
1109 1364 1281 1429 diem
1317 1364 1589 1429 tertium
1627 1365 2052 1448 constituunt,
2099 1369 2270 1450 quod

248 1455 307 1518 is
354 1452 564 1518 festus
612 1453 1103 1538 celebratusque
1148 1475 1265 1537 per
1311 1474 1569 1518 omnem
1596 1451 1889 1517 Africam
1932 1453 2157 1518 ludum
2205 1461 2270 1518 et

249 1541 590 1606 lasciviam
653 1541 865 1627 magis
932 1563 1128 1626 quam
1190 1540 1606 1605 formidinem
1674 1542 2067 1606 ostentabat.
2159 1544 2271 1607 sed
2309 1556 2340 1604 3

249 1629 367 1694 ubi
412 1632 671 1713 tempus
716 1628 870 1714 fuit,
926 1629 1334 1695 centuriones
1379 1628 1805 1713 tribunosque
1852 1629 2156 1694 militaris
2203 1636 2270 1694 et

249 1719 469 1801 ipsum
512 1716 912 1801 praefectum
958 1717 1180 1801 oppidi
1222 1716 1293 1781 Τ.
1340 1716 1705 1800 Turpilium
1753 1715 2047 1782 Silanum
2101 1718 2269 1782 alius

251 1806 456 1870 alium
511 1804 737 1870 domos
785 1827 935 1870 suas
981 1805 1281 1869 invitant.
1371 1826 1481 1869 eos
1539 1805 1750 1870 omnis
1804 1809 2062 1889 praeter
2114 1806 2270 1870 Tur-

249 1893 486 1977 pilium
548 1893 721 1957 inter
783 1892 1006 1977 epulas
1071 1894 1482 1958 obtrimcant.
1571 1896 1802 1977 postea
1859 1893 2104 1959 milites
2164 1916 2272 1977 pa·

253 1981 455 2046 lantis
519 1981 829 2065 inermos,
894 1982 1133 2066 quippe
1186 1982 1258 2045 in
1318 1980 1441 2044 tali
1496 1980 1598 2044 die
1654 2002 1729 2045 ac
1785 1981 1922 2045 sine
1978 1982 2270 2065 imperiO,

251 2068 742 2155 aggrediuntur.
803 2068 978 2133 idem
1021 2069 1244 2153 plebes
1290 2067 1469 2151 facit,
1512 2090 1665 2153 pars
1711 2069 1925 2134 edocti
1972 2070 2053 2134 ab
2090 2070 2270 2134 nobi·
2308 2084 2341 2131 4
2423 2114 2433 2121 -

249 2158 444 2222 litate
490 2156 603 2220 alii
649 2158 864 2222 studio
903 2157 1134 2221 talium
1178 2178 1398 2221 rerum
1439 2156 1714 2240 incitati,
1758 2178 1907 2256 9333
1944 2162 2091 2222 acta
2127 2107 2569 2310 copjuosscd

254 2245 604 2329 siliumque
663 2244 820 2331 igno
941 2246 1119 2310 tibus
1184 2245 1504 2309 tumultus
1566 2244 1707 2328 ipse
1772 2249 1840 2308 et
1902 2266 2004 2309 res
2066 2267 2195 2311 nov

254 2334 417 2398 satis
462 2333 823 2434 placebant.
913 2332 1192 2399 Romani
1238 2332 1509 2415 milites,
1561 2332 1895 2415 inproviso
1953 2338 2132 2397 metu
2178 2334 2269 2397 in-
2291 2333 2374 2397 67

254 2421 421 2487 certi
473 2421 830 2505 ignarique,
887 2421 1041 2505 quid
1086 2421 1525 2505 potissumum
1568 2419 1884 2502 facerent,
1930 2420 2270 2503 trepidare.

253 2531 402 2579 arce
450 2508 689 2593 oppidi,
732 2509 847 2574 ubi
893 2509 1082 2595 signa
1126 2513 1193 2573 et
1240 2512 1428 2582 scuta
1472 2511 1676 2592 erant,
1724 2506 2118 2590 praesidium
2162 2508 2288 2571 ho-·

255 2598 476 2681 stium,
520 2601 749 2681 portae
794 2600 945 2661 ante
992 2596 1247 2662 clausae
1292 2595 1453 2681 fuga
1494 2595 1947 2681 prohibebant.
2022 2595 2101 2659 ad
2148 2595 2273 2660 hoc

253 2685 560 2750 mulieres
606 2685 918 2770 puerique
953 2707 1073 2769 pro
1111 2684 1306 2759 tectis
1346 2684 1784 2749 aedificiorum
1830 2705 1986 2747 saxa
2021 2687 2089 2747 et
2126 2684 2271 2767 alia,

257 2795 423 2857 quae
481 2772 660 2838 locus
719 2774 1098 2858 praebebat,
1162 2773 1464 2837 certatim
1527 2772 1804 2836 mittere.
1908 2771 2004 2835 ita
2064 2792 2271 2855 neque
2310 2787 2343 2834 2

256 2861 492 2927 caveri
508 2882 741 2946 anceps
779 2861 1024 2926 malum
1057 2882 1266 2946 neque
1306 2883 1346 2925 a
1372 2860 1771 2925 fortissumis
1806 2859 2272 2926 infirmissumo

250 2949 480 3035 generi
534 2950 752 3015 resisti
803 2971 1023 3033 posse.
1079 2949 1268 3013 iuxta
1318 2947 1478 3013 boni
1530 2947 1839 3030 malique,
1876 2948 2148 3012 strenui
2207 2951 2274 3011 et

255 3037 534 3103 inbelles
579 3037 772 3102 inulti
818 3038 1211 3102 obtruncari.
1274 3036 1346 3099 in
1393 3056 1470 3099 ea
1514 3038 1700 3098 tanta
1744 3034 2093 3117 asperitate
2141 3056 2273 3098 sae·
2311 3051 2344 3098 3

254 3125 562 3190 vissumis
607 3123 907 3190 Numidis
955 3129 1024 3189 et
1067 3124 1305 3208 oppido
1352 3121 1636 3205 undique
1684 3121 1903 3185 clauso
1942 3121 2272 3204 Turpilius

255 3212 623 3297 praefectus
667 3235 833 3277 unus
877 3235 954 3278 ex
993 3213 1293 3277 omnibus
1333 3209 1583 3274 Italicis
1630 3208 1914 3273 intactus
1960 3208 2271 3292 profugit

189 3376 222 3390 Ι
255 3301 324 3365 id
378 3301 898 3365 misericordiane
957 3299 1239 3383 hospitis
1300 3320 1378 3366 an
1436 3295 1736 3398 pactione
1801 3300 1914 3360 aut
1969 3317 2121 3360 casu
2177 3295 2274 3358 ita

257 3389 571 3472 evenerit,
628 3410 860 3488 parum
906 3387 1343 3472 conperimus,
1401 3384 1556 3468 nisi,
1611 3384 1765 3469 quia
1817 3383 1917 3447 illi
1972 3383 2040 3446 in
2086 3385 2272 3446 tanto

257 3477 431 3541 malo
479 3476 688 3559 turpis
742 3477 881 3541 vita
931 3477 1191 3563 integra
1242 3474 1420 3540 fama
1470 3472 1691 3558 potior
1743 3471 1897 3555 fuit,
1958 3470 2274 3553 inprobus

256 3563 781 3646 intestabilisque
828 3564 1097 3629 videtur.
