2650 4059
702 245 993 301 BELLUM
1030 245 1544 301 IUGURTHINUM
1581 265 1627 302 c.
1666 253 1821 302 4—7.
2167 248 2257 312 45

231 393 439 478 igitur
495 391 785 456 amicitia
829 390 1214 455 Masinissae
1270 393 1444 456 bona
1498 396 1691 475 atque
1745 392 2023 457 honesta
2064 393 2255 457 nobis
2293 411 2323 456 5

229 480 612 563 permansit.
705 480 816 543 sed
868 479 1101 562 imperi
1154 479 1456 563 vitaeque
1516 480 1655 545 eius
1701 480 1849 544 finis
1896 481 2067 545 idem
2111 480 2255 544 fuit.

154 576 159 580 ’
365 567 539 632 Dein
582 566 861 649 Micipsa
911 566 1089 631 filius
1135 587 1411 652 regnum
1458 567 1635 633 solus
1684 567 1970 651 optinuit
2017 567 2257 632 Masta·
2293 588 2324 633 6

227 657 466 720 nabale
512 659 581 719 et
628 653 913 719 Gulussa
955 654 1270 720 fratribus
1316 656 1547 720 morbo
1587 655 1968 738 absumptis.
2032 656 2090 720 is
2127 655 2255 721 Ad·
2293 675 2323 722 ‘1

227 744 568 809 herbalem
605 747 672 806 et
699 741 1145 825 Hiempsalem
1191 765 1269 806 ex
1306 765 1448 808 sese
1485 743 1712 828 genuit
1738 743 2253 829 Iugurthamque

227 832 441 896 filium
506 830 975 894 Mastanabalis
1049 829 1299 915 fratriS,
1375 853 1566 915 quem
1633 830 2011 917 Masinissa,
2084 833 2256 915 quod

231 923 417 984 ortus
459 941 536 982 ex
574 918 933 984 concubina
969 922 1127 1003 erat,
1172 919 1501 1002 privatum
1538 919 1981 1006 dereliquerat
2029 921 2254 984 eodem

229 1008 416 1072 cultu
465 1028 591 1091 quo
638 1007 880 1070 liberos
929 1028 1081 1071 suos
1127 1006 1302 1071 domi
1349 1007 1596 1071 habuit.

369 1095 496 1171 Qui
542 1094 656 1159 ubi
700 1094 984 1178 primum
1029 1094 1340 1178 adolevit,
1394 1095 1644 1179 pollens
1691 1096 1966 1181 viribuS,
2023 1098 2309 1163 decorat}
2342 1118 2386 1132 *⁴

228 1184 417 1267 facie,
455 1184 567 1247 sed
602 1183 812 1247 multo
851 1204 1149 1246 maxume
1177 1145 1441 1268 inge'njo
1479 1182 1746 1267 validus,
1788 1206 1922 1249 non
1968 1206 2036 1248 se
2072 1184 2253 1249 luxui

228 1293 443 1356 neque
469 1270 745 1335 inertiae
776 1272 1325 1354 conrumpendum
1354 1271 1547 1355 dedit,
1576 1271 1707 1355 sed,
1738 1272 1838 1335 uti
1866 1294 2007 1336 mos
2037 1273 2251 1357 gentis

228 1359 410 1424 illius
450 1363 570 1441 est,
614 1359 907 1442 equitare
943 1358 1240 1442 iaculari3
1288 1381 1480 1422 cursu
1522 1380 1669 1423 cum
1707 1360 2084 1442 aequalibus
2123 1382 2252 1425 cer·

231 1452 375 1512 tare
423 1451 515 1530 et,
580 1468 725 1511 cum
773 1446 983 1510 omnis
1039 1446 1250 1531 gloria
1306 1447 1611 1531 anteiret,
1677 1447 1977 1511 omnibus
2035 1452 2254 1512 tamen

231 1557 423 1600 carus
461 1556 629 1619 esse3
666 1535 746 1598 ad
781 1534 908 1598 hoc
942 1535 1249 1618 pleraque
1286 1539 1585 1619 tempora
1619 1533 1690 1598 in
1715 1535 2007 1600 venando
2044 1556 2251 1620 agere,

230 1624 488 1689 leonem
533 1626 728 1707 atque
775 1622 936 1685 alias
982 1621 1152 1686 feras
1198 1622 1447 1706 primus
1496 1626 1608 1687 aut
1650 1623 1721 1687 in
1755 1622 1985 1706 primis
2031 1622 2251 1687 ferire:

220 1712 619 1812 'plurumum
643 1709 856 1775 facere
885 1713 952 1773 et
979 1709 1341 1775 minumum
1369 1710 1507 1794 ipse
1537 1711 1615 1775 de
1652 1732 1720 1775 se
1748 1710 1947 1795 loqui.
2013 1711 2249 1795 quibus
2287 1729 2319 1775 2

231 1800 429 1863 rebus
469 1797 746 1882 Micipsa
791 1798 1055 1862 tametsi
1100 1799 1290 1863 initio
1327 1799 1540 1863 laetus
1575 1799 1807 1881 fuerat,
1854 1799 2251 1864 existumans

229 1888 546 1951 virtutem
612 1886 966 1972 Iugurthae
1034 1907 1235 1971 regno
1301 1908 1419 1950 suo
1484 1886 1730 1972 gloriae
1786 1886 1952 1971 fore,
2016 1890 2252 1972 tamen,

230 1979 582 2059 postquam
645 1974 975 2038 hominem
1041 1974 1519 2039 adulescentem
1585 1978 1813 2039 exacta
1866 1996 1982 2039 sua
2037 1978 2250 2039 aetate

232 2068 302 2127 et
356 2063 575 2146 parvis
630 2062 854 2127 liberis
909 2062 1119 2148 magis
1176 2062 1514 2148 magisque
1570 2084 1855 2127 crescere
1908 2063 2251 2148 intellegit,

230 2152 650 2216 vehementer
703 2172 779 2215 eo
825 2151 1093 2235 negotio
1150 2155 1485 2234 permotus
1550 2152 1758 2215 multa
1822 2173 1969 2216 cum
2033 2151 2250 2216 animo

233 2261 354 2304 suo
401 2239 721 2303 volvebat.
813 2238 1103 2302 terrebat
1157 2260 1304 2302 eum
1363 2242 1599 2303 natura
1643 2239 2020 2303 mortalium
2066 2239 2254 2303 avida
2289 2257 2319 2304 3

231 2327 469 2410 imperi
523 2330 591 2390 et
643 2348 951 2411 praeceps
1017 2327 1099 2390 ad
1161 2326 1543 2410 explendam
1602 2326 1804 2389 animi
1869 2327 2251 2410 cupidinem,

231 2419 571 2499 praeterea
600 2413 1056 2499 opportunitas
1096 2435 1247 2478 suae
1284 2414 1767 2497 liberorumque
1797 2413 2050 2496 aetatis,
2088 2435 2251 2497 quae

232 2503 434 2567 etiam
488 2502 830 2567 mediocris
889 2501 1064 2566 viros
1126 2523 1237 2585 spe
1296 2502 1572 2585 praedae
1628 2505 2036 2565 transvorsos
2094 2502 2251 2586 agit,

233 2592 318 2656 ad
362 2591 487 2655 hoc
533 2591 750 2655 studia
794 2588 1225 2654 Numidarum
1270 2590 1342 2653 in
1383 2589 1771 2675 Iugurtham
1817 2610 2110 2673 accensa,
2174 2612 2252 2654 ex

234 2679 497 2763 quibua
543 2678 601 2744 si
647 2679 848 2742 talem
874 2678 1087 2742 virum
1135 2677 1301 2742 dolis
1337 2677 1791 2761 interfecisset,
1834 2699 1915 2742 ne
1962 2698 2090 2761 qua
2119 2677 2253 2742 sed-

232 2767 355 2831 itio
411 2771 525 2831 aut
577 2766 822 2830 bellum
869 2765 1174 2849 oriretur,
1229 2766 1459 2830 anxius
1522 2770 1679 2830 erat.
1760 2767 1865 2830 his
1912 2766 2253 2832 difficulta-
2274 2769 2306 2832 7
2333 2769 2374 2782 ''

235 2855 418 2919 tibus
475 2854 951 2919 circumventus
1014 2853 1130 2918 ubi
1183 2854 1360 2919 videt
1415 2875 1624 2937 neque
1687 2875 1804 2937 per
1855 2854 1989 2918 vim
2041 2876 2251 2939 neque

236 2942 490 3007 insidiis
539 2942 821 3027 obprimi
865 2963 1056 3025 posse
1101 2941 1432 3006 hominem
1487 2944 1623 3004 tam
1671 2945 2007 3026 acceptum
2051 2965 2252 3026 popu-

234 3030 501 3114 laribus,
530 3029 702 3114 quod
728 3033 870 3094 erat
896 3028 1217 3115 Iugurtha
1244 3051 1440 3093 manu
1465 3033 1809 3113 promptus
1847 3033 1914 3092 et
1942 3029 2251 3113 adpetens

235 3118 486 3206 gloriae
532 3118 857 3202 militaris,
904 3117 1139 3181 statuit
1185 3139 1334 3181 eum
1371 3116 1697 3181 obiectare
1733 3115 2040 3199 periculis
2079 3120 2147 3179 et
2175 3138 2251 3181 eo

237 3207 431 3272 modo
476 3205 808 3271 fortunam
854 3208 1193 3289 temptare

369 3293 585 3379 Igitur
629 3293 801 3359 bello
846 3291 1251 3358 Numantino
1296 3291 1573 3376 Micipsa
1628 3313 1775 3357 cum
1827 3290 2070 3376 populo
2126 3292 2251 3356 Ro·
2286 3310 2319 3357 2

237 3404 429 3448 mano
469 3380 762 3465 equitum
799 3385 994 3465 atque
1030 3380 1322 3464 peditum
1352 3380 1593 3444 auxilia
1629 3379 1937 3462 mitteret,
1985 3400 2250 3463 sperans

235 3470 339 3535 vel
396 3470 783 3535 ostentando
845 3469 1158 3533 virtutem
1216 3468 1318 3533 vel
1372 3468 1663 3532 hostium
1728 3467 1998 3532 saevitia
2061 3466 2251 3531 facile

233 3580 383 3624 eum
424 3577 824 3643 occasurum,
859 3555 1173 3641 praefecit
1199 3554 1522 3640 Numidis,
1568 3577 1730 3639 quos
1769 3556 1837 3619 in
1865 3554 2252 3640 Hispaniam
