2650 4059
390 218 474 281 74
856 279 860 283 ,
1058 217 1116 272 0.
1155 217 1499 273 SALLUSTI
1533 217 1767 273 CRISPI

388 386 573 428 mora
627 363 1017 428 inminuerat
1071 367 1138 427 et
1185 364 1631 447 expectatione
1677 367 1946 428 eventus
1994 365 2237 430 civium
2281 367 2410 431 ani·
2618 379 2630 416 ¹

386 473 529 517 mos
557 452 843 517 intentos
867 452 1161 535 putabat,
1195 473 1328 515 non
1354 452 1536 535 prius
1564 451 1810 516 bellum
1838 452 2183 537 attingere,
2218 476 2411 537 quam

318 556 351 603 4
387 540 710 605 maiorum
764 540 1106 622 disciplina
1161 539 1404 603 milites
1461 540 1757 604 laborare
1817 542 2161 625 coegisset.
2261 564 2412 607 nam

389 627 687 712 Albinus,
726 627 881 692 Auli
908 627 1132 691 fratris
1162 628 1609 711 exercitusque
1639 627 1816 693 clade
1844 629 2201 713 perculsuS,
2236 634 2411 713 post-

390 738 585 800 quam
632 717 1002 781 decreverat
1045 736 1179 779 non
1224 716 1449 800 egredi·
1487 716 1838 799 provincia,
1891 722 2209 799 quantum
2255 723 2412 783 tem·

386 805 566 889 poris
624 804 1017 869 aestivorum
1072 803 1143 866 in
1195 803 1469 886 imperio
1526 803 1679 887 fuit,
1731 804 2111 888 plerumque
2167 805 2410 871 milites

389 892 648 957 stativis
714 892 945 957 castris
1008 890 1293 955 habebat
1302 942 1319 973 ,
1382 891 1510 956 nisi
1573 913 1721 956 cum
1786 892 1943 956 odor
2006 897 2121 957 aut
2184 895 2412 978 pabuli

318 996 350 1044 5
390 985 646 1065 egestas
684 981 899 1044 locum
939 983 1189 1043 mutare
1228 979 1590 1065 subegerat.
1665 979 1777 1044 sed
1802 1002 2010 1063 neque
2039 981 2413 1047 munieban·
2628 1029 2629 1050 2

389 1072 499 1132 tur
558 1090 633 1133 ea
675 1089 883 1151 neque
930 1089 1109 1131 more
1153 1068 1423 1131 militari
1459 1067 1723 1152 vigiliae
1760 1068 2267 1170 deducebantur3
2313 1070 2413 1134 uti
2548 1086 2583 1110 ²

390 1156 619 1238 cuique
665 1155 964 1240 lubebat,
1011 1156 1092 1219 ab
1142 1155 1347 1239 signis
1394 1156 1646 1240 aberat3
1696 1156 1864 1219 lixae
1908 1157 2216 1239 permixti
2264 1181 2414 1222 cum

392 1244 709 1309 militibus
757 1244 867 1307 diu
910 1248 1263 1326 noctuque
1286 1244 1713 1344 vagabantur,
1759 1248 1825 1307 et
1869 1245 2167 1327 palantes
2213 1267 2412 1331 agros
2522 1323 2531 1329 .
2621 1231 2630 1250 ⁴

388 1336 662 1416 vastare,
700 1332 886 1396 villas
917 1352 1301 1417 expugnare,
1338 1331 1591 1414 pecoris
1628 1335 1696 1396 et
1732 1332 2202 1416 mancipiorum
2229 1356 2415 1418 prae-

389 1421 503 1485 das
558 1425 882 1486 certantes
940 1441 1131 1505 agere
1186 1441 1386 1503 eaque
1443 1423 1696 1484 mutare
1741 1441 1887 1484 cum
1938 1423 2414 1486 mercatoribus

386 1509 537 1576 vino
586 1508 938 1574 advecticio
986 1513 1053 1572 ct
1099 1507 1245 1572 aliis
1293 1507 1563 1591 talibus,
1616 1511 1952 1608 praeterea
2004 1508 2414 1575 frumentum

393 1597 645 1679 publice
692 1597 915 1660 datum
970 1596 1270 1677 vendere,
1334 1617 1570 1678 panem
1622 1595 1692 1658 in
1746 1595 1881 1659 dies
1935 1598 2237 1662 mercari.
2299 1620 2415 1681 po-

27 1690 631 1814 Wstremo
661 1705 1101 1783 quaecumque
1134 1682 1262 1747 dici
1299 1687 1413 1746 aut
1440 1683 1602 1768 fingi
1630 1684 1921 1766 queunt
1902 1684 2200 1769 lgnaviae
2227 1686 2415 1749 luxu-

389 1793 647 1855 naeque
748 1772 969 1854 robra,
1023 1772 1092 1835 in
1145 1770 1260 1834 illo
1315 1770 1602 1835 exercitu
1657 1776 1891 1836 cuncta
1940 1772 2119 1836 fuere
2165 1777 2234 1838 et
2280 1774 2416 1837 alia

282 1859 370 1925 45
392 1860 690 1943 amplius,
731 1843 895 1923 ssed
947 1859 1018 1923 in
1070 1880 1148 1923 ea
1200 1858 1586 1923 difficultate
1632 1858 1970 1924 Metellum
2014 1881 2149 1924 non
2192 1861 2413 1926 minus

391 1970 586 2031 quam
622 1947 692 2011 in
728 1947 921 2011 rebus
957 1946 1309 2011 hostilibus
1349 1968 1658 2032 magnum
1695 1951 1762 2011 et
1800 1948 2159 2031 sapientem
2194 1949 2414 2013 virum

387 2036 588 2099 fuisse
636 2036 1002 2119 conperior:
1060 2040 1246 2099 tanta
1291 2035 1724 2117 temperantia
1762 2035 1936 2099 inter
1980 2036 2414 2102 ambitionem

318 2139 350 2188 2
389 2123 852 2224 saevitiamque
900 2124 1321 2188 moderatum.
1410 2144 1688 2206 namque
1730 2123 1942 2188 edicto
1979 2125 2263 2207 primum
2301 2125 2413 2191 ad-

387 2212 677 2276 iumenta
728 2212 1024 2296 ignaviae
1081 2211 1455 2276 sustulisse.
1512 2232 1594 2274 ne
1650 2211 1993 2294 quisquam
2047 2212 2117 2276 in
2154 2213 2412 2278 castris

386 2322 620 2383 panem
675 2305 789 2364 aut
845 2322 1037 2384 quem
1092 2300 1293 2363 alium
1351 2303 1606 2363 coctum
1665 2299 1881 2364 cibum
1935 2300 2265 2385 venderet,
2323 2324 2412 2365 ne

386 2389 553 2453 lixae
618 2388 971 2453 exercitum
1035 2391 1483 2471 sequerentur,
1545 2408 1627 2451 ne
1692 2386 1879 2451 miles
1943 2389 2281 2473 gregarius
2336 2389 2415 2454 in

388 2478 621 2542 castris
665 2498 825 2541 neve
862 2477 931 2540 in
967 2476 1225 2559 agmine
1263 2496 1520 2539 servom
1557 2479 1672 2538 aut
1707 2476 2070 2540 iumentum
2106 2476 2412 2562 haberet3

388 2566 619 2630 ceteris
675 2570 815 2628 arte
870 2565 1135 2628 modum
1190 2563 1515 2627 statuisse
1615 2566 1951 2646 praeterea
2010 2564 2409 2629 transvorsis

385 2653 729 2718 itineribus
768 2651 1004 2716 cotidie
1043 2654 1258 2714 castra
1295 2672 1570 2751 Q,
1612 2651 2001 2715 iuxta-ac-si
2036 2652 2263 2717 hostes
2301 2653 2411 2716 ad·

386 2744 622 2823 essent,
649 2740 820 2803 vallo
850 2743 1046 2821 atquc
1073 2737 1255 2802 fossa
1281 2739 1551 2822 munire,
1579 2738 1840 2823 vigilias
1876 2740 2135 2804 crebras
2163 2762 2410 2823 ponere

388 2832 455 2892 et
519 2848 625 2892 eas
689 2827 828 2911 ipse
884 2848 1030 2890 cum
1087 2826 1322 2911 legatis
1381 2826 1745 2909 circumire,
1809 2827 1969 2890 item
2021 2827 2091 2890 in
2145 2829 2410 2912 agmine

385 2916 456 2980 in
509 2914 737 2998 primis
798 2915 991 2978 modo
1047 2914 1239 2979 modo
1285 2914 1355 2978 in
1408 2914 1785 2998 postremis,
1842 2936 2031 2998 saepe
2078 2915 2147 2979 in
2193 2916 2408 2981 medio

388 3004 629 3086 adesse,
673 3025 756 3067 ne
802 3002 1127 3085 quispiam
1164 3002 1388 3066 ordine
1427 3003 1855 3088 egrederetur,
1901 3007 1976 3066 ut
2014 3024 2161 3067 cum
2198 3004 2410 3090 signis

388 3092 758 3175 frequentes
813 3090 1208 3171 incederent,
1256 3090 1442 3154 miles
1490 3090 1708 3155 cibum
1753 3094 1821 3155 et
1865 3113 2048 3155 arma
2090 3096 2407 3174 portaret.

315 3199 347 3245 3
384 3181 482 3244 ita
525 3179 927 3263 prohibendo
982 3200 1022 3242 a
1071 3178 1326 3242 delictis
1375 3178 1584 3263 magis
1633 3200 1829 3261 quam
1873 3178 2256 3244 vindicando
2305 3202 2410 3245 ex-

387 3268 659 3332 ercitum
704 3267 885 3332 brevi
932 3266 1357 3331 confirmavit.

277 3358 365 3421 46
474 3354 777 3420 Interea
838 3353 1187 3440 Iugurtha,
1249 3354 1365 3418 ubi
1420 3376 1584 3437 quae
1628 3310 1943 3420 Metellus
2001 3356 2264 3441 agebat,
2327 3379 2408 3422 ex

382 3443 631 3508 nuntiis
671 3444 940 3527 accepit,
982 3442 1176 3507 simul
1215 3443 1291 3506 de
1328 3443 1703 3507 innocentia
1738 3443 1875 3508 eius
1915 3444 2184 3508 certior
2169 3443 2410 3510 Roma

382 3530 613 3616 factuS,
661 3531 950 3595 diffidere
998 3530 1131 3595 suis
1177 3530 1373 3594 rebus
1421 3552 1495 3596 ac
1541 3534 1684 3595 tum
1729 3532 1990 3595 demum
2033 3554 2257 3596 veram
2303 3534 2409 3598 de-
