2650 4059
339 260 380 321 6
996 253 1052 309 C.
1094 251 1436 308 SALLUSTI
1472 250 1701 307 ORISPI

268 417 302 467 2
339 401 553 486 iurgia
598 399 949 465 discordias
998 397 1367 461 simultates
1416 418 1567 461 cum
1614 397 1914 463 hostibus
1952 396 2354 481 exercebant,

342 490 513 555 cives
561 510 707 553 cum
753 487 1000 552 civibus
1047 486 1125 550 de
1170 485 1411 549 virtute
1459 485 1813 550 certabant.
1902 486 1972 549 in
2018 486 2353 569 suppliciis

342 578 607 641 deorum
654 573 999 660 magnifici,
1044 572 1224 637 domi
1266 572 1464 673 parci,
1509 573 1578 636 in
1615 573 1856 639 amicos
1894 573 2114 638 fideles
2151 577 2355 637 erant.

272 681 306 729 3
344 665 591 730 duabus
635 664 740 728 his
783 661 1052 744 artibus,
1099 660 1419 724 audacia
1401 682 1471 723 111
1505 661 1697 744 bello,
1741 661 1856 725 ubi
1891 683 2018 745 pax
2054 665 2356 726 evenerat

272 768 307 816 4
344 754 691 837 aequitate,
737 771 932 833 seque
976 770 1239 831 remque
1285 747 1615 831 publicam
1660 749 1992 814 curabant.
2082 770 2359 850 quarum

342 863 559 907 rerum
613 861 733 925 ego
789 858 1091 901 maxuma
1145 837 1530 901 documenta
1572 836 1732 902 haec
1776 838 2013 920 habeo,
2069 837 2243 919 quod
2287 838 2355 901 in

340 929 514 994 bello
571 926 826 1011 saepius
883 924 1279 989 vindicatum
1335 928 1435 988 est
1483 922 1558 988 111
1612 946 1751 1007 eos,
1808 925 1919 1008 qui
1966 928 2195 989 contra
2239 926 2357 988 im-

342 1017 596 1102 perium
630 1015 700 1078 in
734 1014 994 1078 hostem
1029 1015 1478 1097 pugnaverant
1515 1011 1751 1095 quique
1788 1012 2037 1077 tardius
2069 1013 2359 1077 revocati
2386 1034 2392 1039 ·

342 1103 590 1189 proelio
655 1104 1087 1183 excesserant,
1142 1121 1347 1200 ‚quam
1415 1099 1528 1183 qui
1582 1100 1771 1185 signa
1823 1101 2185 1184 relinquere
2240 1106 2359 1166 aut

275 1207 306 1255 5
342 1191 516 1276 pulsi
559 1190 702 1255 loco
753 1189 973 1254 cedere
1020 1185 1161 1252 ausi
1207 1191 1418 1272 erant3
1463 1187 1534 1251 in
1576 1210 1734 1271 pace
1779 1210 1933 1253 vero
1973 1189 2144 1289 quod
2179 1190 2359 1254 beni-

341 1279 507 1344 ficiis
537 1300 732 1362 quam
760 1276 983 1341 metu
966 1275 1311 1360 imperium
1340 1275 1680 1361 agitabant
1716 1280 1785 1342 et
1820 1281 2083 1361 accepta
2118 1276 2359 1342 iniuria

343 1367 680 1453 ignoscere
727 1387 922 1449 quam
966 1365 1267 1449 persequi
1312 1364 1662 1429 malebant.

244 1459 330 1525 10
477 1453 603 1521 Sed
655 1455 769 1519 ubi
822 1454 1045 1518 labore
1101 1457 1295 1535 atque
1349 1452 1605 1516 iustitia
1657 1473 1761 1518 res
1819 1453 2080 1536 publica
2134 1454 2357 1538 crevit,

343 1565 528 1629 reges
576 1542 795 1628 magni
838 1541 1012 1605 bello
1059 1541 1308 1624 domiti,
1352 1540 1650 1604 nationes
1687 1540 1861 1605 ferae
1898 1545 1965 1605 et
1996 1541 2281 1642 populi
2263 1564 2358 1606 m-

344 1635 572 1731 gentes
617 1632 683 1695 vi
729 1629 1010 1711 subacti,
1065 1626 1422 1712 CarthagO,
1478 1629 1731 1693 aemula
1782 1629 2015 1713 imperi
2059 1628 2356 1713 Romani,

345 1720 427 1784 ab
484 1719 686 1803 stirpe
741 1716 1021 1800 interiit,
1081 1721 1313 1782 cuncta
1367 1717 1572 1780 maria
1633 1721 1968 1799 terraeque
2022 1717 2357 1817 patebant,

275 1822 307 1871 2
347 1806 592 1872 saevire
637 1805 902 1870 fortuna
946 1826 1022 1870 ac
1066 1805 1337 1869 miscere
1375 1805 1593 1869 omnia
1630 1805 1858 1889 coepit.
1949 1804 2061 1888 qui
2097 1805 2354 1870 labores

344 1894 647 1996 1161161116,
693 1893 921 1958 dubias
969 1896 1162 1976 atque
1210 1914 1471 1977 asperas
1517 1915 1620 1957 res
1665 1892 1856 1958 facile
1901 1893 2356 1978 toleraverant,

347 1983 439 2048 eis
497 1983 704 2046 otium
760 1980 1050 2066 divitiae,
1115 1981 1401 2081 optanda
1453 1981 1642 2065 alias,
1707 1980 1886 2045 oneri
1932 1981 2355 2065 miseriaeque

277 2087 308 2135 3
345 2070 541 2134 fuere.
638 2068 844 2155 igitur
895 2068 1107 2153 primo
1165 2069 1428 2153 imperi,
1481 2069 1789 2153 pecuniae
1842 2068 2068 2134 deinde
2122 2070 2353 2154 cupido

347 2158 576 2242 crevit3
639 2178 715 2222 ea
778 2157 964 2241 quasi
1028 2157 1332 2221 materies
1406 2157 1696 2221 omnium
1768 2157 2088 2223 malorum
2158 2158 2355 2223 fuere.

275 2263 308 2310 4
343 2267 622 2329 namque
687 2246 961 2310 avaritia
1022 2246 1216 2309 fidem
1278 2245 1675 2329 probitatem
1747 2250 2120 2330 ceterasque
2192 2246 2357 2311 artis

345 2335 550 2400 bonas
592 2334 946 2418 subvortit3
989 2356 1109 2418 pro
1144 2333 1250 2397 his
1288 2333 1659 2417 superbiam
1696 2335 2163 2418 crudelitatem,
2200 2335 2355 2399 deos

277 2438 308 2487 5
343 2423 719 2508 neglegere,
793 2422 1010 2487 omnia
1080 2421 1336 2487 venalia
1399 2422 1638 2487 habere
1702 2422 1976 2489 edocuit.
2082 2423 2355 2488 ambitio

344 2510 588 2575 multos
635 2511 932 2576 mortalis
977 2510 1179 2575 falsos
1225 2509 1367 2576 fieri
1414 2511 1693 2596 subegit,
1738 2511 1914 2575 aliud
1959 2511 2305 2576 clausum
2285 2534 2359 2575 111

238 2611 241 2614 ’
343 2602 606 2699 pectore
661 2599 836 2663 aliud
889 2599 960 2663 in
1011 2599 1237 2683 lingua
1288 2602 1665 2682 promptum
1709 2598 1977 2682 habere,
2031 2587 2355 2664 amicitias

344 2686 846 2770 inimicitiasque
899 2707 1034 2751 non
1085 2708 1163 2750 ex
1208 2706 1277 2749 re
1325 2685 1436 2749 sed
1482 2707 1560 2749 ex
1606 2686 1943 2751 commodo
1991 2690 2355 2752 aestumare

275 2792 306 2840 6
345 2775 679 2860 magisque
706 2774 957 2839 voltum
995 2795 1190 2857 quam
1225 2772 1559 2858 ingenium
1594 2774 1839 2837 bonum
1873 2773 2130 2837 habere.
2195 2774 2355 2839 haec

342 2863 554 2947 primo
589 2862 908 2947 paulatim
945 2882 1246 2944 crescere,
1291 2861 1616 2925 interdum
1652 2861 1991 2945 vindicari3
2035 2865 2188 2944 post
2239 2863 2357 2926 ubi

343 2951 648 3035 contagio
687 2951 872 3035 quasi
898 2949 1273 3034 pestilentia
1299 2948 1559 3031 invasit,
1597 2948 1825 3014 civitas
1862 2949 2201 3029 inmutata,
2237 2948 2355 3011 im-

341 3040 593 3124 perium
637 3061 716 3104 ex
760 3038 1139 3102 iustissumo
1178 3040 1373 3120 atque
1412 3039 1680 3119 optumo
1720 3036 1973 3101 crudele
2008 3035 2356 3099 intoleran-

343 3128 621 3211 dumque
666 3127 929 3192 factum.

243 3220 320 3283 11
481 3214 606 3281 Sed
660 3215 872 3300 primo
928 3212 1138 3297 magis
1194 3212 1471 3276 ambitio
1526 3233 1721 3295 quam
1775 3211 2051 3276 avaritia
2102 3211 2355 3277 animos

341 3303 681 3369 hominum
734 3300 1100 3385 exercebat,
1157 3300 1327 3384 quod
1374 3304 1594 3365 tamen
1643 3299 1876 3364 vitium
1920 3300 2188 3384 propius
2233 3302 2358 3365 111-

273 3410 305 3456 2
343 3394 553 3456 tutem
608 3394 765 3456 erat.
852 3410 1006 3453 nam
1061 3389 1344 3474 gloriam
1398 3388 1713 3453 honorem
1757 3388 2103 3473 imperium
2148 3390 2356 3455 bonus

343 3483 409 3544 et
454 3480 726 3563 ignavos
773 3499 974 3577 aeque
1021 3478 1149 3542 sibi
1195 3480 1535 3562 exoptant,
1580 3478 1692 3542 sed
1727 3478 1839 3542 ille
1876 3500 2030 3543 vera
2064 3477 2170 3542 via
2209 3479 2359 3542 niti·

341 3570 468 3651 tur,
507 3565 658 3629 huic
697 3565 851 3648 quia
886 3566 1095 3633 bonae
1133 3571 1307 3631 artes
1346 3566 1598 3652 desunt,
1643 3566 1809 3632 dolis
1849 3571 2045 3651 atque
2080 3565 2358 3631 fallaciis
