<?xml version="1.0" encoding="UTF-8"?>
<!DOCTYPE html PUBLIC "-//W3C//DTD XHTML 1.0 Transitional//EN"
    "http://www.w3.org/TR/xhtml1/DTD/xhtml1-transitional.dtd">
<html xmlns="http://www.w3.org/1999/xhtml" xml:lang="en" lang="en">
 <head>
  <title>
</title>
<meta http-equiv="Content-Type" content="text/html;charset=utf-8" />
  <meta name='ocr-system' content='tesseract 3.04.00' />
  <meta name='ocr-capabilities' content='ocr_page ocr_carea ocr_par ocr_line ocrx_word'/>
</head>
<body>
  <div class='ocr_page' id='page_1' title='image "./catilinaiugurth00eussgoog_0020.png"; bbox 0 0 2650 4059; ppageno 0'>
   <div class='ocr_carea' id='block_1_1' title="bbox 632 255 2262 317">
    <p class='ocr_par' dir='ltr' id='par_1_1' title="bbox 632 255 2262 317">
     <span class='ocr_line' id='line_1_1' title="bbox 632 255 2262 317; baseline 0.004 -7"><span class='ocrx_word' id='word_1_1' title='bbox 632 255 950 311; x_wconf 75' lang='lat' dir='ltr'><strong>SELEC&#39;PA</strong></span> <span class='ocrx_word' id='word_1_2' title='bbox 985 257 1343 312; x_wconf 76' lang='lat' dir='ltr'>VETERUM</span> <span class='ocrx_word' id='word_1_3' title='bbox 1380 257 1841 315; x_wconf 81' lang='lat' dir='ltr'><strong>TESTIMONIA.</strong></span> <span class='ocrx_word' id='word_1_4' title='bbox 2082 259 2262 317; x_wconf 81' lang='lat' dir='ltr'><strong>-xvn</strong></span> 
     </span>
    </p>
   </div>
   <div class='ocr_carea' id='block_1_2' title="bbox 233 485 2260 1258">
    <p class='ocr_par' dir='ltr' id='par_1_2' title="bbox 233 485 2260 1258">
     <span class='ocr_line' id='line_1_2' title="bbox 236 485 2258 576; baseline 0.002 -24"><span class='ocrx_word' id='word_1_5' title='bbox 236 486 486 572; x_wconf 87' lang='lat' dir='ltr'><strong>(Ateius</strong></span> <span class='ocrx_word' id='word_1_6' title='bbox 529 485 908 576; x_wconf 81' lang='lat' dir='ltr'>philologus)</span> <span class='ocrx_word' id='word_1_7' title='bbox 954 494 1144 554; x_wconf 90' lang='lat' dir='ltr'><strong>coluit</strong></span> <span class='ocrx_word' id='word_1_8' title='bbox 1190 541 1205 554; x_wconf 88' lang='lat'>.</span> <span class='ocrx_word' id='word_1_9' title='bbox 1295 540 1312 555; x_wconf 91' lang='lat'><strong>.</strong></span> <span class='ocrx_word' id='word_1_10' title='bbox 1352 540 1365 554; x_wconf 92' lang='lat'><strong>.</strong></span> <span class='ocrx_word' id='word_1_11' title='bbox 1414 492 1475 553; x_wconf 84' lang='lat' dir='ltr'><strong>G.</strong></span> <span class='ocrx_word' id='word_1_12' title='bbox 1525 494 1883 554; x_wconf 73' lang='lat' dir='ltr'><strong>Sallustium</strong></span> <span class='ocrx_word' id='word_1_13' title='bbox 1929 499 1993 555; x_wconf 88' lang='lat' dir='ltr'><strong>et</strong></span> <span class='ocrx_word' id='word_1_14' title='bbox 2036 514 2107 556; x_wconf 88' lang='lat' dir='ltr'><strong>eo</strong></span> <span class='ocrx_word' id='word_1_15' title='bbox 2160 497 2258 556; x_wconf 87' lang='lat' dir='ltr'><strong>de·</strong></span> 
     </span>
     <span class='ocr_line' id='line_1_3' title="bbox 233 580 2257 662; baseline 0.002 -23"><span class='ocrx_word' id='word_1_16' title='bbox 233 581 449 640; x_wconf 87' lang='lat' dir='ltr'><strong>functo</strong></span> <span class='ocrx_word' id='word_1_17' title='bbox 495 581 778 641; x_wconf 85' lang='lat' dir='ltr'><strong>Asinium</strong></span> <span class='ocrx_word' id='word_1_18' title='bbox 813 580 1167 659; x_wconf 88' lang='lat' dir='ltr'><strong>Pollionem,</strong></span> <span class='ocrx_word' id='word_1_19' title='bbox 1215 600 1367 658; x_wconf 91' lang='lat' dir='ltr'><strong>quos</strong></span> <span class='ocrx_word' id='word_1_20' title='bbox 1403 582 1719 642; x_wconf 78' lang='lat' dir='ltr'><strong>historiam</strong></span> <span class='ocrx_word' id='word_1_21' title='bbox 1756 600 2109 660; x_wconf 87' lang='lat' dir='ltr'><strong>componere</strong></span> <span class='ocrx_word' id='word_1_22' title='bbox 2155 603 2257 662; x_wconf 87' lang='lat' dir='ltr'><strong>ag-</strong></span> 
     </span>
     <span class='ocr_line' id='line_1_4' title="bbox 234 669 2260 749; baseline 0.001 -21"><span class='ocrx_word' id='word_1_23' title='bbox 234 687 495 746; x_wconf 79' lang='lat' dir='ltr'><strong>gressOS,</strong></span> <span class='ocrx_word' id='word_1_24' title='bbox 542 670 803 729; x_wconf 89' lang='lat' dir='ltr'><strong>alterum</strong></span> <span class='ocrx_word' id='word_1_25' title='bbox 837 669 1137 730; x_wconf 90' lang='lat' dir='ltr'><strong>breviario</strong></span> <span class='ocrx_word' id='word_1_26' title='bbox 1174 688 1378 728; x_wconf 90' lang='lat' dir='ltr'><strong>rerum</strong></span> <span class='ocrx_word' id='word_1_27' title='bbox 1415 671 1682 729; x_wconf 91' lang='lat' dir='ltr'><strong>omnium</strong></span> <span class='ocrx_word' id='word_1_28' title='bbox 1719 670 2142 749; x_wconf 85' lang='lat' dir='ltr'><strong>Romanarum,</strong></span> <span class='ocrx_word' id='word_1_29' title='bbox 2188 691 2260 731; x_wconf 82' lang='lat' dir='ltr'><strong>ex</strong></span> 
     </span>
     <span class='ocr_line' id='line_1_5' title="bbox 236 756 2258 835; baseline 0.002 -20"><span class='ocrx_word' id='word_1_30' title='bbox 236 756 463 833; x_wconf 91' lang='lat' dir='ltr'><strong>quibus</strong></span> <span class='ocrx_word' id='word_1_31' title='bbox 511 776 661 834; x_wconf 90' lang='lat' dir='ltr'><strong>quas</strong></span> <span class='ocrx_word' id='word_1_32' title='bbox 708 757 893 818; x_wconf 87' lang='lat' dir='ltr'><strong>vellet</strong></span> <span class='ocrx_word' id='word_1_33' title='bbox 940 758 1208 834; x_wconf 87' lang='lat' dir='ltr'><strong>eligeret,</strong></span> <span class='ocrx_word' id='word_1_34' title='bbox 1253 758 1568 835; x_wconf 87' lang='lat' dir='ltr'><strong>instruxit,</strong></span> <span class='ocrx_word' id='word_1_35' title='bbox 1614 759 1877 817; x_wconf 86' lang='lat' dir='ltr'><strong>alterum</strong></span> <span class='ocrx_word' id='word_1_36' title='bbox 1920 761 2258 835; x_wconf 75' lang='lat' dir='ltr'><strong>praeceptis</strong></span> 
     </span>
     <span class='ocr_line' id='line_1_6' title="bbox 233 844 2256 923; baseline 0.001 -20"><span class='ocrx_word' id='word_1_37' title='bbox 233 844 312 903; x_wconf 91' lang='lat' dir='ltr'><strong>de</strong></span> <span class='ocrx_word' id='word_1_38' title='bbox 357 844 594 904; x_wconf 88' lang='lat' dir='ltr'><strong>ratione</strong></span> <span class='ocrx_word' id='word_1_39' title='bbox 641 844 953 904; x_wconf 90' lang='lat' dir='ltr'><strong>scribendi.</strong></span> <span class='ocrx_word' id='word_1_40' title='bbox 1046 863 1167 922; x_wconf 91' lang='lat' dir='ltr'><strong>quo</strong></span> <span class='ocrx_word' id='word_1_41' title='bbox 1224 846 1418 923; x_wconf 87' lang='lat' dir='ltr'><strong>magis</strong></span> <span class='ocrx_word' id='word_1_42' title='bbox 1462 845 1651 905; x_wconf 88' lang='lat' dir='ltr'><strong>miror</strong></span> <span class='ocrx_word' id='word_1_43' title='bbox 1692 845 2026 905; x_wconf 86' lang='lat' dir='ltr'><strong>Asinium</strong></span> <span class='ocrx_word' id='word_1_44' title='bbox 2071 848 2256 906; x_wconf 92' lang='lat' dir='ltr'><strong>credi·</strong></span> 
     </span>
     <span class='ocr_line' id='line_1_7' title="bbox 235 931 2257 1012; baseline 0.002 -21"><span class='ocrx_word' id='word_1_45' title='bbox 235 932 415 1009; x_wconf 89' lang='lat' dir='ltr'><strong>disse,</strong></span> <span class='ocrx_word' id='word_1_46' title='bbox 463 933 716 1009; x_wconf 89' lang='lat' dir='ltr'><strong>antiqua</strong></span> <span class='ocrx_word' id='word_1_47' title='bbox 752 951 890 991; x_wconf 88' lang='lat' dir='ltr'><strong>eum</strong></span> <span class='ocrx_word' id='word_1_48' title='bbox 926 931 1110 993; x_wconf 91' lang='lat' dir='ltr'><strong>verba</strong></span> <span class='ocrx_word' id='word_1_49' title='bbox 1146 935 1209 992; x_wconf 92' lang='lat' dir='ltr'><strong>et</strong></span> <span class='ocrx_word' id='word_1_50' title='bbox 1242 932 1469 1009; x_wconf 87' lang='lat' dir='ltr'><strong>figuras</strong></span> <span class='ocrx_word' id='word_1_51' title='bbox 1506 933 1755 993; x_wconf 88' lang='lat' dir='ltr'><strong>solitum</strong></span> <span class='ocrx_word' id='word_1_52' title='bbox 1800 952 1927 993; x_wconf 89' lang='lat' dir='ltr'><strong>esse</strong></span> <span class='ocrx_word' id='word_1_53' title='bbox 1974 935 2257 1012; x_wconf 86' lang='lat' dir='ltr'><strong>colligere</strong></span> 
     </span>
     <span class='ocr_line' id='line_1_8' title="bbox 237 1019 2258 1100; baseline 0.001 -21"><span class='ocrx_word' id='word_1_54' title='bbox 237 1020 559 1097; x_wconf 81' lang='lat' dir='ltr'><strong>Sallusti03</strong></span> <span class='ocrx_word' id='word_1_55' title='bbox 618 1039 756 1079; x_wconf 91' lang='lat' dir='ltr'><strong>cum</strong></span> <span class='ocrx_word' id='word_1_56' title='bbox 821 1019 937 1079; x_wconf 88' lang='lat' dir='ltr'><strong>sibi</strong></span> <span class='ocrx_word' id='word_1_57' title='bbox 996 1021 1148 1079; x_wconf 89' lang='lat' dir='ltr'><strong>sciat</strong></span> <span class='ocrx_word' id='word_1_58' title='bbox 1204 1021 1356 1079; x_wconf 89' lang='lat' dir='ltr'><strong>nihil</strong></span> <span class='ocrx_word' id='word_1_59' title='bbox 1412 1021 1580 1079; x_wconf 87' lang='lat' dir='ltr'><strong>aliud</strong></span> <span class='ocrx_word' id='word_1_60' title='bbox 1642 1022 1892 1080; x_wconf 88' lang='lat' dir='ltr'><strong>suadere</strong></span> <span class='ocrx_word' id='word_1_61' title='bbox 1952 1042 2133 1100; x_wconf 89' lang='lat' dir='ltr'><strong>quam</strong></span> <span class='ocrx_word' id='word_1_62' title='bbox 2185 1028 2258 1082; x_wconf 90' lang='lat' dir='ltr'><strong>ut</strong></span> 
     </span>
     <span class='ocr_line' id='line_1_9' title="bbox 233 1108 2256 1187; baseline 0.001 -21"><span class='ocrx_word' id='word_1_63' title='bbox 233 1111 382 1167; x_wconf 91' lang='lat' dir='ltr'><strong>noto</strong></span> <span class='ocrx_word' id='word_1_64' title='bbox 420 1108 706 1185; x_wconf 81' lang='lat' dir='ltr'><strong>civilique</strong></span> <span class='ocrx_word' id='word_1_65' title='bbox 736 1111 800 1167; x_wconf 88' lang='lat' dir='ltr'><strong>et</strong></span> <span class='ocrx_word' id='word_1_66' title='bbox 824 1108 1070 1184; x_wconf 90' lang='lat' dir='ltr'><strong>proprio</strong></span> <span class='ocrx_word' id='word_1_67' title='bbox 1109 1126 1380 1167; x_wconf 86' lang='lat' dir='ltr'><strong>sermone</strong></span> <span class='ocrx_word' id='word_1_68' title='bbox 1417 1112 1646 1186; x_wconf 80' lang='lat' dir='ltr'><strong>utatur,</strong></span> <span class='ocrx_word' id='word_1_69' title='bbox 1692 1110 1966 1187; x_wconf 88' lang='lat' dir='ltr'><strong>vitetque</strong></span> <span class='ocrx_word' id='word_1_70' title='bbox 2001 1109 2256 1169; x_wconf 79' lang='lat' dir='ltr'><strong>maxime</strong></span> 
     </span>
     <span class='ocr_line' id='line_1_10' title="bbox 236 1195 2105 1258; baseline 0.002 -3"><span class='ocrx_word' id='word_1_71' title='bbox 236 1195 666 1255; x_wconf 81' lang='lat' dir='ltr'><strong>obscuritatem</strong></span> <span class='ocrx_word' id='word_1_72' title='bbox 685 1234 694 1242; x_wconf 91' lang='lat'><em>-</em></span> <span class='ocrx_word' id='word_1_73' title='bbox 715 1195 972 1255; x_wconf 83' lang='lat' dir='ltr'><strong>Sallusti</strong></span> <span class='ocrx_word' id='word_1_74' title='bbox 1017 1198 1080 1256; x_wconf 88' lang='lat' dir='ltr'><strong>et</strong></span> <span class='ocrx_word' id='word_1_75' title='bbox 1125 1196 1437 1255; x_wconf 87' lang='lat' dir='ltr'><strong>audaciam</strong></span> <span class='ocrx_word' id='word_1_76' title='bbox 1481 1196 1545 1254; x_wconf 91' lang='lat' dir='ltr'><strong>in</strong></span> <span class='ocrx_word' id='word_1_77' title='bbox 1590 1197 2105 1258; x_wconf 77' lang='lat' dir='ltr'><strong>translationibus,</strong></span> 
     </span>
    </p>
   </div>
   <div class='ocr_carea' id='block_1_3' title="bbox 231 1388 2257 1975">
    <p class='ocr_par' dir='ltr' id='par_1_3' title="bbox 231 1388 2257 1975">
     <span class='ocr_line' id='line_1_11' title="bbox 233 1388 2257 1469; baseline 0.001 -21"><span class='ocrx_word' id='word_1_78' title='bbox 233 1389 563 1448; x_wconf 78' lang='lat' dir='ltr'><strong>Lenaeus</strong></span> <span class='ocrx_word' id='word_1_79' title='bbox 606 1389 814 1466; x_wconf 82' lang='lat' dir='ltr'><strong>Magni</strong></span> <span class='ocrx_word' id='word_1_80' title='bbox 856 1388 1105 1467; x_wconf 88' lang='lat' dir='ltr'><strong>Pompei</strong></span> <span class='ocrx_word' id='word_1_81' title='bbox 1150 1389 1408 1449; x_wconf 84' lang='lat' dir='ltr'><strong>libertus</strong></span> <span class='ocrx_word' id='word_1_82' title='bbox 1453 1435 1466 1447; x_wconf 92' lang='lat'><strong>.</strong></span> <span class='ocrx_word' id='word_1_83' title='bbox 1498 1431 1513 1447; x_wconf 91' lang='lat'><strong>.</strong></span> <span class='ocrx_word' id='word_1_84' title='bbox 1541 1436 1554 1449; x_wconf 89' lang='lat'><strong>.</strong></span> <span class='ocrx_word' id='word_1_85' title='bbox 1586 1436 1599 1448; x_wconf 91' lang='lat'><strong>.</strong></span> <span class='ocrx_word' id='word_1_86' title='bbox 1645 1393 1817 1448; x_wconf 86' lang='lat' dir='ltr'><strong>tanto</strong></span> <span class='ocrx_word' id='word_1_87' title='bbox 1867 1409 2067 1450; x_wconf 87' lang='lat' dir='ltr'><strong>amore</strong></span> <span class='ocrx_word' id='word_1_88' title='bbox 2112 1410 2257 1469; x_wconf 87' lang='lat' dir='ltr'><strong>erga</strong></span> 
     </span>
     <span class='ocr_line' id='line_1_12' title="bbox 231 1476 2256 1556; baseline 0.002 -21"><span class='ocrx_word' id='word_1_89' title='bbox 231 1477 476 1553; x_wconf 85' lang='lat' dir='ltr'><strong>patroni</strong></span> <span class='ocrx_word' id='word_1_90' title='bbox 512 1478 862 1536; x_wconf 86' lang='lat' dir='ltr'><strong>memoriam</strong></span> <span class='ocrx_word' id='word_1_91' title='bbox 899 1478 1118 1554; x_wconf 84' lang='lat' dir='ltr'><strong>extitit,</strong></span> <span class='ocrx_word' id='word_1_92' title='bbox 1163 1482 1236 1537; x_wconf 93' lang='lat' dir='ltr'><strong>ut</strong></span> <span class='ocrx_word' id='word_1_93' title='bbox 1272 1477 1633 1536; x_wconf 86' lang='lat' dir='ltr'><strong>Sallustium</strong></span> <span class='ocrx_word' id='word_1_94' title='bbox 1667 1476 2047 1555; x_wconf 87' lang='lat' dir='ltr'><strong>historicum,</strong></span> <span class='ocrx_word' id='word_1_95' title='bbox 2094 1479 2256 1556; x_wconf 92' lang='lat' dir='ltr'><strong>quod</strong></span> 
     </span>
     <span class='ocr_line' id='line_1_13' title="bbox 236 1564 2253 1644; baseline 0.001 -21"><span class='ocrx_word' id='word_1_96' title='bbox 236 1583 377 1623; x_wconf 90' lang='lat' dir='ltr'><strong>eum</strong></span> <span class='ocrx_word' id='word_1_97' title='bbox 433 1565 554 1624; x_wconf 86' lang='lat' dir='ltr'><strong>oris</strong></span> <span class='ocrx_word' id='word_1_98' title='bbox 606 1564 807 1642; x_wconf 89' lang='lat' dir='ltr'><strong>probi,</strong></span> <span class='ocrx_word' id='word_1_99' title='bbox 863 1565 1063 1625; x_wconf 88' lang='lat' dir='ltr'><strong>animo</strong></span> <span class='ocrx_word' id='word_1_100' title='bbox 1118 1565 1519 1625; x_wconf 86' lang='lat' dir='ltr'><strong>inverecundo</strong></span> <span class='ocrx_word' id='word_1_101' title='bbox 1577 1565 1941 1644; x_wconf 85' lang='lat' dir='ltr'><strong>scripsisset,</strong></span> <span class='ocrx_word' id='word_1_102' title='bbox 1999 1567 2253 1627; x_wconf 89' lang='lat' dir='ltr'><strong>acerbis-</strong></span> 
     </span>
     <span class='ocr_line' id='line_1_14' title="bbox 235 1652 2251 1729; baseline 0.001 -18"><span class='ocrx_word' id='word_1_103' title='bbox 235 1652 390 1712; x_wconf 90' lang='lat' dir='ltr'><strong>sima</strong></span> <span class='ocrx_word' id='word_1_104' title='bbox 425 1656 637 1712; x_wconf 84' lang='lat' dir='ltr'><strong>satura</strong></span> <span class='ocrx_word' id='word_1_105' title='bbox 670 1653 1044 1729; x_wconf 83' lang='lat' dir='ltr'><strong>laceraverit,</strong></span> <span class='ocrx_word' id='word_1_106' title='bbox 1088 1653 1431 1711; x_wconf 88' lang='lat' dir='ltr'><strong>lastaurum</strong></span> <span class='ocrx_word' id='word_1_107' title='bbox 1469 1656 1533 1712; x_wconf 93' lang='lat' dir='ltr'><strong>et</strong></span> <span class='ocrx_word' id='word_1_108' title='bbox 1566 1653 1916 1712; x_wconf 85' lang='lat' dir='ltr'><strong>lurchonem</strong></span> <span class='ocrx_word' id='word_1_109' title='bbox 1960 1657 2025 1715; x_wconf 88' lang='lat' dir='ltr'><strong>et</strong></span> <span class='ocrx_word' id='word_1_110' title='bbox 2065 1653 2251 1714; x_wconf 89' lang='lat' dir='ltr'><strong>nebu-</strong></span> 
     </span>
     <span class='ocr_line' id='line_1_15' title="bbox 232 1740 2254 1819; baseline 0.001 -20"><span class='ocrx_word' id='word_1_111' title='bbox 232 1740 436 1800; x_wconf 93' lang='lat' dir='ltr'><strong>lonem</strong></span> <span class='ocrx_word' id='word_1_112' title='bbox 480 1740 961 1817; x_wconf 88' lang='lat' dir='ltr'><strong>popinonemque</strong></span> <span class='ocrx_word' id='word_1_113' title='bbox 1016 1741 1357 1818; x_wconf 89' lang='lat' dir='ltr'><strong>appellans,</strong></span> <span class='ocrx_word' id='word_1_114' title='bbox 1405 1743 1466 1799; x_wconf 92' lang='lat' dir='ltr'><strong>et</strong></span> <span class='ocrx_word' id='word_1_115' title='bbox 1508 1741 1638 1801; x_wconf 90' lang='lat' dir='ltr'><strong>vita</strong></span> <span class='ocrx_word' id='word_1_116' title='bbox 1684 1741 2043 1819; x_wconf 88' lang='lat' dir='ltr'><strong>scriptisque</strong></span> <span class='ocrx_word' id='word_1_117' title='bbox 2088 1762 2254 1802; x_wconf 93' lang='lat' dir='ltr'><strong>mon-</strong></span> 
     </span>
     <span class='ocr_line' id='line_1_16' title="bbox 234 1826 2251 1905; baseline 0.001 -18"><span class='ocrx_word' id='word_1_118' title='bbox 234 1832 526 1905; x_wconf 85' lang='lat' dir='ltr'><strong>strosum,</strong></span> <span class='ocrx_word' id='word_1_119' title='bbox 581 1831 893 1904; x_wconf 89' lang='lat' dir='ltr'><strong>praeterea</strong></span> <span class='ocrx_word' id='word_1_120' title='bbox 944 1828 1277 1903; x_wconf 88' lang='lat' dir='ltr'><strong>priscorum</strong></span> <span class='ocrx_word' id='word_1_121' title='bbox 1324 1826 1570 1888; x_wconf 86' lang='lat' dir='ltr'><strong>Catonis</strong></span> <span class='ocrx_word' id='word_1_122' title='bbox 1625 1828 1945 1889; x_wconf 89' lang='lat' dir='ltr'><strong>verborum</strong></span> <span class='ocrx_word' id='word_1_123' title='bbox 1990 1830 2251 1889; x_wconf 91' lang='lat' dir='ltr'><strong>inerudi-</strong></span> 
     </span>
     <span class='ocr_line' id='line_1_17' title="bbox 232 1915 792 1975; baseline -0.002 0"><span class='ocrx_word' id='word_1_124' title='bbox 232 1915 538 1975; x_wconf 89' lang='lat' dir='ltr'><strong>tissimum</strong></span> <span class='ocrx_word' id='word_1_125' title='bbox 580 1916 792 1974; x_wconf 87' lang='lat' dir='ltr'><strong>furem.</strong></span> 
     </span>
    </p>
   </div>
   <div class='ocr_carea' id='block_1_4' title="bbox 231 2018 2253 2537">
    <p class='ocr_par' dir='ltr' id='par_1_4' title="bbox 231 2018 2253 2537">
     <span class='ocr_line' id='line_1_18' title="bbox 365 2018 926 2094; baseline -0.004 -13"><span class='ocrx_word' id='word_1_126' title='bbox 365 2023 447 2081; x_wconf 77' lang='lat' dir='ltr'><strong>id.</strong></span> <span class='ocrx_word' id='word_1_127' title='bbox 489 2022 571 2080; x_wconf 89' lang='lat' dir='ltr'><strong>D.</strong></span> <span class='ocrx_word' id='word_1_128' title='bbox 615 2018 770 2094; x_wconf 71' lang='lat' dir='ltr'><strong>Any.</strong></span> <span class='ocrx_word' id='word_1_129' title='bbox 814 2023 897 2079; x_wconf 86' lang='grc'><strong>86</strong></span> <span class='ocrx_word' id='word_1_130' title='bbox 905 2041 926 2079; x_wconf 91' lang='grc'><strong>.·</strong></span> 
     </span>
     <span class='ocr_line' id='line_1_19' title="bbox 235 2101 2251 2189; baseline 0 -21"><span class='ocrx_word' id='word_1_131' title='bbox 235 2101 673 2189; x_wconf 88' lang='lat' dir='ltr'><strong>(Augustus)</strong></span> <span class='ocrx_word' id='word_1_132' title='bbox 718 2108 933 2167; x_wconf 89' lang='lat' dir='ltr'><strong>ludens</strong></span> <span class='ocrx_word' id='word_1_133' title='bbox 975 2110 1206 2168; x_wconf 89' lang='lat' dir='ltr'><strong>malum</strong></span> <span class='ocrx_word' id='word_1_134' title='bbox 1251 2111 1314 2168; x_wconf 92' lang='lat' dir='ltr'><strong>et</strong></span> <span class='ocrx_word' id='word_1_135' title='bbox 1347 2108 1693 2168; x_wconf 85' lang='lat' dir='ltr'><strong>inconstans</strong></span> <span class='ocrx_word' id='word_1_136' title='bbox 1736 2110 1802 2168; x_wconf 92' lang='lat' dir='ltr'><strong>in</strong></span> <span class='ocrx_word' id='word_1_137' title='bbox 1840 2110 2115 2188; x_wconf 88' lang='lat' dir='ltr'><strong>eligendo</strong></span> <span class='ocrx_word' id='word_1_138' title='bbox 2152 2130 2251 2187; x_wconf 89' lang='lat' dir='ltr'><strong>ge-</strong></span> 
     </span>
     <span class='ocr_line' id='line_1_20' title="bbox 231 2194 2251 2276; baseline 0.001 -22"><span class='ocrx_word' id='word_1_139' title='bbox 231 2215 376 2255; x_wconf 90' lang='lat' dir='ltr'><strong>nere</strong></span> <span class='ocrx_word' id='word_1_140' title='bbox 423 2197 659 2255; x_wconf 88' lang='lat' dir='ltr'><strong>dicendi</strong></span> <span class='ocrx_word' id='word_1_141' title='bbox 700 2196 1012 2273; x_wconf 86' lang='lat' dir='ltr'><strong>ingenium</strong></span> <span class='ocrx_word' id='word_1_142' title='bbox 1058 2197 1188 2255; x_wconf 88' lang='lat' dir='ltr'><strong>eius</strong></span> <span class='ocrx_word' id='word_1_143' title='bbox 1232 2194 1547 2271; x_wconf 79' lang='lat' dir='ltr'><strong>[Antonii]</strong></span> <span class='ocrx_word' id='word_1_144' title='bbox 1593 2197 1763 2256; x_wconf 84' lang='lat' dir='ltr'><strong>addit</strong></span> <span class='ocrx_word' id='word_1_145' title='bbox 1805 2198 1977 2257; x_wconf 85' lang='lat' dir='ltr'><strong>haec:</strong></span> <span class='ocrx_word' id='word_1_146' title='bbox 2040 2198 2251 2276; x_wconf 85' lang='lat' dir='ltr'><strong>Tuque</strong></span> 
     </span>
     <span class='ocr_line' id='line_1_21' title="bbox 233 2282 2251 2360; baseline 0 -17"><span class='ocrx_word' id='word_1_147' title='bbox 233 2284 508 2360; x_wconf 83' lang='lat' dir='ltr'><strong>dubitas,</strong></span> <span class='ocrx_word' id='word_1_148' title='bbox 564 2282 876 2343; x_wconf 82' lang='lat' dir='ltr'><strong>Cimberne</strong></span> <span class='ocrx_word' id='word_1_149' title='bbox 921 2285 1157 2343; x_wconf 92' lang='lat' dir='ltr'><strong>Annius</strong></span> <span class='ocrx_word' id='word_1_150' title='bbox 1213 2303 1290 2342; x_wconf 93' lang='lat' dir='ltr'><strong>an</strong></span> <span class='ocrx_word' id='word_1_151' title='bbox 1334 2283 1632 2343; x_wconf 89' lang='lat' dir='ltr'><strong>Veranius</strong></span> <span class='ocrx_word' id='word_1_152' title='bbox 1676 2284 1930 2344; x_wconf 85' lang='lat' dir='ltr'><strong>Flaccus</strong></span> <span class='ocrx_word' id='word_1_153' title='bbox 1974 2286 2251 2344; x_wconf 78' lang='lat' dir='ltr'><strong>imitandi</strong></span> 
     </span>
     <span class='ocr_line' id='line_1_22' title="bbox 233 2369 2253 2450; baseline 0.001 -20"><span class='ocrx_word' id='word_1_154' title='bbox 233 2372 357 2431; x_wconf 90' lang='lat' dir='ltr'><strong>sint</strong></span> <span class='ocrx_word' id='word_1_155' title='bbox 399 2371 533 2447; x_wconf 90' lang='lat' dir='ltr'><strong>tibi,</strong></span> <span class='ocrx_word' id='word_1_156' title='bbox 575 2372 666 2431; x_wconf 89' lang='lat' dir='ltr'><strong>ita</strong></span> <span class='ocrx_word' id='word_1_157' title='bbox 708 2374 781 2432; x_wconf 91' lang='lat' dir='ltr'><strong>ut</strong></span> <span class='ocrx_word' id='word_1_158' title='bbox 824 2371 1041 2450; x_wconf 88' lang='lat' dir='ltr'><strong>verbis,</strong></span> <span class='ocrx_word' id='word_1_159' title='bbox 1087 2390 1243 2449; x_wconf 88' lang='lat' dir='ltr'><strong>quae</strong></span> <span class='ocrx_word' id='word_1_160' title='bbox 1289 2369 1537 2447; x_wconf 85' lang='lat' dir='ltr'><strong>Crispus</strong></span> <span class='ocrx_word' id='word_1_161' title='bbox 1584 2371 1912 2432; x_wconf 86' lang='lat' dir='ltr'><strong>Sallustius</strong></span> <span class='ocrx_word' id='word_1_162' title='bbox 1959 2373 2253 2448; x_wconf 83' lang='lat' dir='ltr'><strong>excerpsit</strong></span> 
     </span>
     <span class='ocr_line' id='line_1_23' title="bbox 235 2457 1298 2537; baseline -0.002 -18"><span class='ocrx_word' id='word_1_163' title='bbox 235 2479 310 2519; x_wconf 83' lang='lat' dir='ltr'><strong>ex</strong></span> <span class='ocrx_word' id='word_1_164' title='bbox 355 2458 702 2537; x_wconf 82' lang='lat' dir='ltr'><strong>Originibus</strong></span> <span class='ocrx_word' id='word_1_165' title='bbox 748 2457 1019 2536; x_wconf 86' lang='lat' dir='ltr'><strong>Catonis,</strong></span> <span class='ocrx_word' id='word_1_166' title='bbox 1063 2457 1298 2519; x_wconf 80' lang='lat' dir='ltr'><strong>utaris?</strong></span> 
     </span>
    </p>
   </div>
   <div class='ocr_carea' id='block_1_5' title="bbox 236 2564 2204 2730">
    <p class='ocr_par' dir='ltr' id='par_1_5' title="bbox 236 2564 2204 2730">
     <span class='ocr_line' id='line_1_24' title="bbox 368 2564 1356 2639; baseline -0.002 -16"><span class='ocrx_word' id='word_1_167' title='bbox 368 2565 561 2639; x_wconf 73' lang='lat' dir='ltr'><strong>Quint.</strong></span> <span class='ocrx_word' id='word_1_168' title='bbox 603 2567 736 2623; x_wconf 80' lang='lat' dir='ltr'><strong>inst.</strong></span> <span class='ocrx_word' id='word_1_169' title='bbox 781 2582 864 2623; x_wconf 88' lang='lat' dir='ltr'><strong>or.</strong></span> <span class='ocrx_word' id='word_1_170' title='bbox 923 2564 1100 2624; x_wconf 91' lang='lat' dir='ltr'><strong><em>VIII</em></strong></span> <span class='ocrx_word' id='word_1_171' title='bbox 1135 2565 1195 2631; x_wconf 89' lang='lat'><strong>3,</strong></span> <span class='ocrx_word' id='word_1_172' title='bbox 1239 2567 1356 2625; x_wconf 78' lang='lat'><strong><em>29.-</em></strong></span> 
     </span>
     <span class='ocr_line' id='line_1_25' title="bbox 236 2650 2204 2730; baseline -0.001 -17"><span class='ocrx_word' id='word_1_173' title='bbox 236 2699 250 2713; x_wconf 89' lang='lat'><strong>.</strong></span> <span class='ocrx_word' id='word_1_174' title='bbox 283 2670 434 2712; x_wconf 78' lang='lat' dir='ltr'><strong>‚nec</strong></span> <span class='ocrx_word' id='word_1_175' title='bbox 479 2652 678 2711; x_wconf 80' lang='lat' dir='ltr'><strong>minus</strong></span> <span class='ocrx_word' id='word_1_176' title='bbox 719 2655 866 2712; x_wconf 91' lang='lat' dir='ltr'><strong>noto</strong></span> <span class='ocrx_word' id='word_1_177' title='bbox 914 2650 1241 2711; x_wconf 90' lang='lat' dir='ltr'><strong>Sallustius</strong></span> <span class='ocrx_word' id='word_1_178' title='bbox 1288 2651 1815 2730; x_wconf 89' lang='lat' dir='ltr'><strong>epigrammate</strong></span> <span class='ocrx_word' id='word_1_179' title='bbox 1859 2652 2204 2712; x_wconf 85' lang='lat' dir='ltr'><strong>incessitur:</strong></span> 
     </span>
    </p>
   </div>
   <div class='ocr_carea' id='block_1_6' title="bbox 412 2738 1894 2906">
    <p class='ocr_par' dir='ltr' id='par_1_6' title="bbox 412 2738 1894 2906">
     <span class='ocr_line' id='line_1_26' title="bbox 412 2738 1852 2817; baseline -0.001 -18"><span class='ocrx_word' id='word_1_180' title='bbox 412 2742 476 2799; x_wconf 89' lang='lat' dir='ltr'><strong>et</strong></span> <span class='ocrx_word' id='word_1_181' title='bbox 518 2739 703 2800; x_wconf 90' lang='lat' dir='ltr'><strong>verba</strong></span> <span class='ocrx_word' id='word_1_182' title='bbox 746 2740 982 2817; x_wconf 91' lang='lat' dir='ltr'><strong>antiqui</strong></span> <span class='ocrx_word' id='word_1_183' title='bbox 1025 2740 1288 2800; x_wconf 89' lang='lat' dir='ltr'><strong>multum</strong></span> <span class='ocrx_word' id='word_1_184' title='bbox 1332 2740 1534 2800; x_wconf 80' lang='lat' dir='ltr'><strong>furate</strong></span> <span class='ocrx_word' id='word_1_185' title='bbox 1579 2738 1852 2817; x_wconf 85' lang='lat' dir='ltr'><strong>Catonis,</strong></span> 
     </span>
     <span class='ocr_line' id='line_1_27' title="bbox 553 2825 1894 2906; baseline -0.001 -19"><span class='ocrx_word' id='word_1_186' title='bbox 553 2825 786 2906; x_wconf 84' lang='lat' dir='ltr'><strong>Crispe,</strong></span> <span class='ocrx_word' id='word_1_187' title='bbox 830 2827 1229 2905; x_wconf 84' lang='lat' dir='ltr'><strong>Iugurthinae</strong></span> <span class='ocrx_word' id='word_1_188' title='bbox 1275 2827 1549 2887; x_wconf 88' lang='lat' dir='ltr'><strong>conditor</strong></span> <span class='ocrx_word' id='word_1_189' title='bbox 1590 2827 1894 2887; x_wconf 90' lang='lat' dir='ltr'><strong>historiae.</strong></span> 
     </span>
    </p>
   </div>
   <div class='ocr_carea' id='block_1_7' title="bbox 1773 1985 1826 2021">
    <p class='ocr_par' dir='ltr' id='par_1_7' title="bbox 1773 1985 1826 2021">
     <span class='ocr_line' id='line_1_28' title="bbox 1773 1985 1826 2021; baseline 0 0"><span class='ocrx_word' id='word_1_190' title='bbox 1773 1985 1826 2021; x_wconf 63' lang='grc' dir='ltr'><em>Ι</em></span> 
     </span>
    </p>
   </div>
   <div class='ocr_carea' id='block_1_8' title="bbox 232 2949 2247 3643">
    <p class='ocr_par' dir='ltr' id='par_1_8' title="bbox 364 2949 1461 3024">
     <span class='ocr_line' id='line_1_29' title="bbox 364 2949 1461 3024; baseline -0.002 -14"><span class='ocrx_word' id='word_1_191' title='bbox 364 2950 494 3010; x_wconf 80' lang='lat' dir='ltr'><strong>Sen.</strong></span> <span class='ocrx_word' id='word_1_192' title='bbox 541 2968 625 3024; x_wconf 77' lang='lat' dir='ltr'><strong>ep.</strong></span> <span class='ocrx_word' id='word_1_193' title='bbox 674 2949 843 3009; x_wconf 87' lang='lat' dir='ltr'><strong>XIX</strong></span> <span class='ocrx_word' id='word_1_194' title='bbox 884 2950 923 3008; x_wconf 85' lang='lat'><em>5</em></span> <span class='ocrx_word' id='word_1_195' title='bbox 970 2950 1161 3023; x_wconf 77' lang='lat'><strong><em>(114),</em></strong></span> <span class='ocrx_word' id='word_1_196' title='bbox 1208 2953 1304 3010; x_wconf 83' lang='lat'><strong>17.</strong></span> <span class='ocrx_word' id='word_1_197' title='bbox 1352 2952 1461 3009; x_wconf 83' lang='lat'><strong><em>18.-</em></strong></span> 
     </span>
    </p>

    <p class='ocr_par' dir='ltr' id='par_1_9' title="bbox 232 3037 2247 3643">
     <span class='ocr_line' id='line_1_30' title="bbox 234 3037 2247 3116; baseline -0 -18"><span class='ocrx_word' id='word_1_198' title='bbox 234 3083 248 3098; x_wconf 92' lang='lat'><em>.</em></span> <span class='ocrx_word' id='word_1_199' title='bbox 286 3085 300 3098; x_wconf 89' lang='lat'><strong>.</strong></span> <span class='ocrx_word' id='word_1_200' title='bbox 340 3038 632 3099; x_wconf 90' lang='lat' dir='ltr'><strong>Sallustio</strong></span> <span class='ocrx_word' id='word_1_201' title='bbox 677 3038 921 3115; x_wconf 88' lang='lat' dir='ltr'><strong>vigente</strong></span> <span class='ocrx_word' id='word_1_202' title='bbox 977 3040 1327 3116; x_wconf 88' lang='lat' dir='ltr'><strong>amputatae</strong></span> <span class='ocrx_word' id='word_1_203' title='bbox 1383 3037 1716 3097; x_wconf 88' lang='lat' dir='ltr'><strong>sententiae</strong></span> <span class='ocrx_word' id='word_1_204' title='bbox 1771 3039 1833 3097; x_wconf 91' lang='lat' dir='ltr'><strong>et</strong></span> <span class='ocrx_word' id='word_1_205' title='bbox 1876 3037 2063 3098; x_wconf 91' lang='lat' dir='ltr'><strong>verba</strong></span> <span class='ocrx_word' id='word_1_206' title='bbox 2106 3043 2247 3098; x_wconf 90' lang='lat' dir='ltr'><strong>ante</strong></span> 
     </span>
     <span class='ocr_line' id='line_1_31' title="bbox 234 3125 2245 3204; baseline 0 -19"><span class='ocrx_word' id='word_1_207' title='bbox 234 3128 648 3204; x_wconf 84' lang='lat' dir='ltr'><strong>exspectatum</strong></span> <span class='ocrx_word' id='word_1_208' title='bbox 682 3125 960 3186; x_wconf 87' lang='lat' dir='ltr'><strong>cadentia</strong></span> <span class='ocrx_word' id='word_1_209' title='bbox 997 3129 1060 3186; x_wconf 85' lang='lat' dir='ltr'><strong>et</strong></span> <span class='ocrx_word' id='word_1_210' title='bbox 1094 3126 1351 3186; x_wconf 89' lang='lat' dir='ltr'><strong>obscura</strong></span> <span class='ocrx_word' id='word_1_211' title='bbox 1393 3125 1659 3186; x_wconf 82' lang='lat' dir='ltr'><strong>brevitas</strong></span> <span class='ocrx_word' id='word_1_212' title='bbox 1703 3125 1874 3183; x_wconf 78' lang='lat' dir='ltr'><strong>fuere</strong></span> <span class='ocrx_word' id='word_1_213' title='bbox 1910 3144 2020 3200; x_wconf 91' lang='lat' dir='ltr'><strong>pro</strong></span> <span class='ocrx_word' id='word_1_214' title='bbox 2058 3126 2245 3185; x_wconf 82' lang='lat' dir='ltr'><strong>cultu.</strong></span> 
     </span>
     <span class='ocr_line' id='line_1_32' title="bbox 232 3212 2247 3291; baseline -0.001 -17"><span class='ocrx_word' id='word_1_215' title='bbox 232 3215 299 3274; x_wconf 84' lang='lat' dir='ltr'><strong>L.</strong></span> <span class='ocrx_word' id='word_1_216' title='bbox 345 3214 769 3291; x_wconf 87' lang='lat' dir='ltr'><strong>Arruntius,</strong></span> <span class='ocrx_word' id='word_1_217' title='bbox 814 3214 911 3274; x_wconf 87' lang='lat' dir='ltr'><strong>vir</strong></span> <span class='ocrx_word' id='word_1_218' title='bbox 952 3232 1124 3272; x_wconf 88' lang='lat' dir='ltr'><strong>rarae</strong></span> <span class='ocrx_word' id='word_1_219' title='bbox 1169 3214 1571 3291; x_wconf 86' lang='lat' dir='ltr'><strong>frugalitatis,</strong></span> <span class='ocrx_word' id='word_1_220' title='bbox 1626 3213 1731 3290; x_wconf 89' lang='lat' dir='ltr'><strong>qui</strong></span> <span class='ocrx_word' id='word_1_221' title='bbox 1775 3212 2058 3271; x_wconf 88' lang='lat' dir='ltr'><strong>historias</strong></span> <span class='ocrx_word' id='word_1_222' title='bbox 2101 3212 2247 3272; x_wconf 86' lang='lat' dir='ltr'><strong>belli</strong></span> 
     </span>
     <span class='ocr_line' id='line_1_33' title="bbox 233 3300 2246 3378; baseline 0 -17"><span class='ocrx_word' id='word_1_223' title='bbox 233 3302 450 3361; x_wconf 80' lang='lat' dir='ltr'><strong>Punici</strong></span> <span class='ocrx_word' id='word_1_224' title='bbox 493 3301 751 3378; x_wconf 88' lang='lat' dir='ltr'><strong>scripsit,</strong></span> <span class='ocrx_word' id='word_1_225' title='bbox 795 3302 918 3360; x_wconf 86' lang='lat' dir='ltr'><strong>fuit</strong></span> <span class='ocrx_word' id='word_1_226' title='bbox 955 3302 1360 3361; x_wconf 88' lang='lat' dir='ltr'><strong>Sallustianus</strong></span> <span class='ocrx_word' id='word_1_227' title='bbox 1397 3303 1461 3360; x_wconf 87' lang='lat' dir='ltr'><strong>et</strong></span> <span class='ocrx_word' id='word_1_228' title='bbox 1502 3300 1567 3359; x_wconf 88' lang='lat' dir='ltr'><strong>in</strong></span> <span class='ocrx_word' id='word_1_229' title='bbox 1602 3300 1753 3359; x_wconf 90' lang='lat' dir='ltr'><strong>illud</strong></span> <span class='ocrx_word' id='word_1_230' title='bbox 1792 3318 1983 3377; x_wconf 88' lang='lat' dir='ltr'><strong>genus</strong></span> <span class='ocrx_word' id='word_1_231' title='bbox 2028 3300 2246 3362; x_wconf 90' lang='lat' dir='ltr'><strong>nitens.</strong></span> 
     </span>
     <span class='ocr_line' id='line_1_34' title="bbox 238 3387 2246 3468; baseline -0 -19"><span class='ocrx_word' id='word_1_232' title='bbox 238 3436 284 3450; x_wconf 90' lang='lat'><strong>..</strong></span> <span class='ocrx_word' id='word_1_233' title='bbox 306 3436 320 3450; x_wconf 92' lang='lat'><strong>.</strong></span> <span class='ocrx_word' id='word_1_234' title='bbox 359 3409 514 3468; x_wconf 89' lang='lat' dir='ltr'><strong>quae</strong></span> <span class='ocrx_word' id='word_1_235' title='bbox 552 3391 714 3466; x_wconf 91' lang='lat' dir='ltr'><strong>apud</strong></span> <span class='ocrx_word' id='word_1_236' title='bbox 752 3389 1111 3449; x_wconf 88' lang='lat' dir='ltr'><strong>Sallustium</strong></span> <span class='ocrx_word' id='word_1_237' title='bbox 1145 3407 1284 3448; x_wconf 86' lang='lat' dir='ltr'><strong>rara</strong></span> <span class='ocrx_word' id='word_1_238' title='bbox 1317 3390 1584 3465; x_wconf 83' lang='lat' dir='ltr'><strong>fuerunt,</strong></span> <span class='ocrx_word' id='word_1_239' title='bbox 1629 3387 1792 3465; x_wconf 88' lang='lat' dir='ltr'><strong>apud</strong></span> <span class='ocrx_word' id='word_1_240' title='bbox 1835 3388 1994 3446; x_wconf 90' lang='lat' dir='ltr'><strong>hunc</strong></span> <span class='ocrx_word' id='word_1_241' title='bbox 2039 3388 2246 3448; x_wconf 89' lang='lat' dir='ltr'><strong>crebra</strong></span> 
     </span>
     <span class='ocr_line' id='line_1_35' title="bbox 236 3476 2247 3554; baseline -0 -17"><span class='ocrx_word' id='word_1_242' title='bbox 236 3481 377 3537; x_wconf 91' lang='lat' dir='ltr'><strong>sunt</strong></span> <span class='ocrx_word' id='word_1_243' title='bbox 413 3481 476 3537; x_wconf 91' lang='lat' dir='ltr'><strong>et</strong></span> <span class='ocrx_word' id='word_1_244' title='bbox 512 3496 706 3554; x_wconf 91' lang='lat' dir='ltr'><strong>paene</strong></span> <span class='ocrx_word' id='word_1_245' title='bbox 751 3477 1053 3554; x_wconf 88' lang='lat' dir='ltr'><strong>continua,</strong></span> <span class='ocrx_word' id='word_1_246' title='bbox 1098 3495 1208 3536; x_wconf 91' lang='lat' dir='ltr'><strong>nec</strong></span> <span class='ocrx_word' id='word_1_247' title='bbox 1245 3478 1373 3535; x_wconf 91' lang='lat' dir='ltr'><strong>sine</strong></span> <span class='ocrx_word' id='word_1_248' title='bbox 1411 3493 1619 3535; x_wconf 89' lang='lat' dir='ltr'><strong>causa:</strong></span> <span class='ocrx_word' id='word_1_249' title='bbox 1664 3476 1768 3534; x_wconf 87' lang='lat' dir='ltr'><strong>ille</strong></span> <span class='ocrx_word' id='word_1_250' title='bbox 1807 3477 1967 3535; x_wconf 91' lang='lat' dir='ltr'><strong>enim</strong></span> <span class='ocrx_word' id='word_1_251' title='bbox 2000 3476 2065 3534; x_wconf 91' lang='lat' dir='ltr'><strong>in</strong></span> <span class='ocrx_word' id='word_1_252' title='bbox 2099 3477 2247 3536; x_wconf 89' lang='lat' dir='ltr'><strong>haec</strong></span> 
     </span>
     <span class='ocr_line' id='line_1_36' title="bbox 236 3562 1354 3643; baseline -0.002 -18"><span class='ocrx_word' id='word_1_253' title='bbox 236 3565 559 3643; x_wconf 90' lang='lat' dir='ltr'><strong>incidebat,</strong></span> <span class='ocrx_word' id='word_1_254' title='bbox 605 3567 671 3624; x_wconf 90' lang='lat' dir='ltr'><strong>at</strong></span> <span class='ocrx_word' id='word_1_255' title='bbox 712 3562 810 3623; x_wconf 88' lang='lat' dir='ltr'><strong>hic</strong></span> <span class='ocrx_word' id='word_1_256' title='bbox 853 3565 964 3623; x_wconf 89' lang='lat' dir='ltr'><strong>illa</strong></span> <span class='ocrx_word' id='word_1_257' title='bbox 1009 3564 1354 3642; x_wconf 89' lang='lat' dir='ltr'><strong>quaerebat.</strong></span> 
     </span>
    </p>
   </div>
   <div class='ocr_carea' id='block_1_9' title="bbox 340 3659 1818 3723">
    <p class='ocr_par' dir='ltr' id='par_1_10' title="bbox 340 3659 1818 3723">
     <span class='ocr_line' id='line_1_37' title="bbox 340 3659 1818 3723; baseline -0.007 0"><span class='ocrx_word' id='word_1_258' title='bbox 340 3682 651 3723; x_wconf 56' lang='lat' dir='ltr'><strong>Sanum-rus.</strong></span> <span class='ocrx_word' id='word_1_259' title='bbox 1778 3659 1818 3713; x_wconf 84' lang='lat' dir='ltr'><strong>b</strong></span> 
     </span>
    </p>
   </div>
  </div>
 </body>
</html>
