<?xml version="1.0" encoding="UTF-8"?>
<!DOCTYPE html PUBLIC "-//W3C//DTD XHTML 1.0 Transitional//EN"
    "http://www.w3.org/TR/xhtml1/DTD/xhtml1-transitional.dtd">
<html xmlns="http://www.w3.org/1999/xhtml" xml:lang="en" lang="en">
 <head>
  <title>
</title>
<meta http-equiv="Content-Type" content="text/html;charset=utf-8" />
  <meta name='ocr-system' content='tesseract 3.04.00' />
  <meta name='ocr-capabilities' content='ocr_page ocr_carea ocr_par ocr_line ocrx_word'/>
</head>
<body>
  <div class='ocr_page' id='page_1' title='image "./catilinaiugurth00eussgoog_0156.png"; bbox 0 0 2650 4059; ppageno 0'>
   <div class='ocr_carea' id='block_1_1' title="bbox 460 235 2191 301">
    <p class='ocr_par' dir='ltr' id='par_1_1' title="bbox 460 235 2191 301">
     <span class='ocr_line' id='line_1_1' title="bbox 460 235 2191 301; baseline 0.004 -8"><span class='ocrx_word' id='word_1_1' title='bbox 460 238 559 293; x_wconf 88' lang='lat' dir='ltr'><strong>EX</strong></span> <span class='ocrx_word' id='word_1_2' title='bbox 593 235 951 293; x_wconf 86' lang='lat' dir='ltr'><strong>HISTORIIS</strong></span> <span class='ocrx_word' id='word_1_3' title='bbox 989 235 1103 293; x_wconf 80' lang='grc' dir='ltr'><strong>ΟΒ.</strong></span> <span class='ocrx_word' id='word_1_4' title='bbox 1131 235 1433 293; x_wconf 76' lang='lat' dir='ltr'><strong>CO&#39;PTAE.</strong></span> <span class='ocrx_word' id='word_1_5' title='bbox 1470 235 1576 292; x_wconf 85' lang='lat' dir='ltr'><strong>EP.</strong></span> <span class='ocrx_word' id='word_1_6' title='bbox 1605 235 1896 294; x_wconf 84' lang='lat' dir='ltr'><strong>POMPEI.</strong></span> <span class='ocrx_word' id='word_1_7' title='bbox 2070 236 2191 301; x_wconf 87' lang='grc'><strong>131</strong></span> 
     </span>
    </p>
   </div>
   <div class='ocr_carea' id='block_1_2' title="bbox 124 380 2274 2140">
    <p class='ocr_par' dir='ltr' id='par_1_2' title="bbox 174 380 2269 1170">
     <span class='ocr_line' id='line_1_2' title="bbox 175 380 2265 467; baseline -0.002 -19"><span class='ocrx_word' id='word_1_8' title='bbox 175 383 471 449; x_wconf 89' lang='lat' dir='ltr'><strong>omnium</strong></span> <span class='ocrx_word' id='word_1_9' title='bbox 515 386 756 467; x_wconf 90' lang='lat' dir='ltr'><strong>morte,</strong></span> <span class='ocrx_word' id='word_1_10' title='bbox 812 380 1200 447; x_wconf 76' lang='lat' dir='ltr'><strong>confecistis.</strong></span> <span class='ocrx_word' id='word_1_11' title='bbox 1290 381 1522 446; x_wconf 87' lang='lat' dir='ltr'><strong>hacine</strong></span> <span class='ocrx_word' id='word_1_12' title='bbox 1575 402 1690 464; x_wconf 91' lang='lat' dir='ltr'><strong>spe</strong></span> <span class='ocrx_word' id='word_1_13' title='bbox 1743 382 2023 465; x_wconf 81' lang='lat' dir='ltr'><strong>populus</strong></span> <span class='ocrx_word' id='word_1_14' title='bbox 2076 381 2196 446; x_wconf 81' lang='lat' dir='ltr'><strong>Ro-</strong></span> <span class='ocrx_word' id='word_1_15' title='bbox 2234 397 2265 443; x_wconf 81' lang='lat'><strong>2</strong></span> 
     </span>
     <span class='ocr_line' id='line_1_3' title="bbox 174 465 2197 553; baseline -0.001 -18"><span class='ocrx_word' id='word_1_16' title='bbox 174 492 406 536; x_wconf 90' lang='lat' dir='ltr'><strong>manus</strong></span> <span class='ocrx_word' id='word_1_17' title='bbox 436 470 677 535; x_wconf 89' lang='lat' dir='ltr'><strong>liberos</strong></span> <span class='ocrx_word' id='word_1_18' title='bbox 707 491 859 536; x_wconf 90' lang='lat' dir='ltr'><strong>suos</strong></span> <span class='ocrx_word' id='word_1_19' title='bbox 889 470 971 534; x_wconf 90' lang='lat' dir='ltr'><strong>ad</strong></span> <span class='ocrx_word' id='word_1_20' title='bbox 995 465 1242 534; x_wconf 86' lang='lat' dir='ltr'><strong>bellum</strong></span> <span class='ocrx_word' id='word_1_21' title='bbox 1269 469 1496 534; x_wconf 78' lang='lat' dir='ltr'><strong>misit?</strong></span> <span class='ocrx_word' id='word_1_22' title='bbox 1540 469 1702 533; x_wconf 89' lang='lat' dir='ltr'><strong>haec</strong></span> <span class='ocrx_word' id='word_1_23' title='bbox 1730 473 1883 534; x_wconf 91' lang='lat' dir='ltr'><strong>sunt</strong></span> <span class='ocrx_word' id='word_1_24' title='bbox 1908 469 2197 553; x_wconf 86' lang='lat' dir='ltr'><strong>praemia</strong></span> 
     </span>
     <span class='ocr_line' id='line_1_4' title="bbox 174 555 2198 643; baseline -0.001 -20"><span class='ocrx_word' id='word_1_25' title='bbox 174 581 294 643; x_wconf 94' lang='lat' dir='ltr'><strong>pro</strong></span> <span class='ocrx_word' id='word_1_26' title='bbox 315 558 717 625; x_wconf 87' lang='lat' dir='ltr'><strong>volneribus</strong></span> <span class='ocrx_word' id='word_1_27' title='bbox 771 561 840 623; x_wconf 94' lang='lat' dir='ltr'><strong>et</strong></span> <span class='ocrx_word' id='word_1_28' title='bbox 883 558 1128 624; x_wconf 89' lang='lat' dir='ltr'><strong>totiens</strong></span> <span class='ocrx_word' id='word_1_29' title='bbox 1174 557 1258 623; x_wconf 91' lang='lat' dir='ltr'><strong>ob</strong></span> <span class='ocrx_word' id='word_1_30' title='bbox 1305 579 1445 622; x_wconf 88' lang='lat' dir='ltr'><strong>rem</strong></span> <span class='ocrx_word' id='word_1_31' title='bbox 1488 557 1818 640; x_wconf 87' lang='lat' dir='ltr'><strong>publicam</strong></span> <span class='ocrx_word' id='word_1_32' title='bbox 1862 555 2010 622; x_wconf 84' lang='lat' dir='ltr'><strong>fuso</strong></span> <span class='ocrx_word' id='word_1_33' title='bbox 2057 578 2198 620; x_wconf 88' lang='lat' dir='ltr'><strong>san-</strong></span> 
     </span>
     <span class='ocr_line' id='line_1_5' title="bbox 177 644 2198 746; baseline -0.001 -35"><span class='ocrx_word' id='word_1_34' title='bbox 177 646 420 732; x_wconf 76' lang='lat' dir='ltr'><strong>guine?</strong></span> <span class='ocrx_word' id='word_1_35' title='bbox 508 646 719 711; x_wconf 87' lang='lat' dir='ltr'><strong>fessus</strong></span> <span class='ocrx_word' id='word_1_36' title='bbox 775 644 1120 711; x_wconf 90' lang='lat' dir='ltr'><strong>scribundo</strong></span> <span class='ocrx_word' id='word_1_37' title='bbox 1169 645 1630 730; x_wconf 73' lang='lat' dir='ltr'><strong>mittundoque</strong></span> <span class='ocrx_word' id='word_1_38' title='bbox 1684 645 1939 746; x_wconf 78' lang='lat' dir='ltr'><strong>legatos</strong></span> <span class='ocrx_word' id='word_1_39' title='bbox 1987 644 2198 708; x_wconf 91' lang='lat' dir='ltr'><strong>omnis</strong></span> 
     </span>
     <span class='ocr_line' id='line_1_6' title="bbox 179 732 2200 819; baseline -0.002 -19"><span class='ocrx_word' id='word_1_40' title='bbox 179 756 337 819; x_wconf 91' lang='lat' dir='ltr'><strong>opes</strong></span> <span class='ocrx_word' id='word_1_41' title='bbox 383 738 453 799; x_wconf 92' lang='lat' dir='ltr'><strong>et</strong></span> <span class='ocrx_word' id='word_1_42' title='bbox 497 756 644 819; x_wconf 91' lang='lat' dir='ltr'><strong>spes</strong></span> <span class='ocrx_word' id='word_1_43' title='bbox 690 733 979 818; x_wconf 89' lang='lat' dir='ltr'><strong>privatas</strong></span> <span class='ocrx_word' id='word_1_44' title='bbox 1015 755 1192 797; x_wconf 92' lang='lat' dir='ltr'><strong>meas</strong></span> <span class='ocrx_word' id='word_1_45' title='bbox 1231 733 1622 817; x_wconf 81' lang='lat' dir='ltr'><strong>consumpsi,</strong></span> <span class='ocrx_word' id='word_1_46' title='bbox 1668 754 1814 797; x_wconf 89' lang='lat' dir='ltr'><strong>cum</strong></span> <span class='ocrx_word' id='word_1_47' title='bbox 1860 732 2123 796; x_wconf 85' lang='lat' dir='ltr'><strong>interim</strong></span> <span class='ocrx_word' id='word_1_48' title='bbox 2161 755 2200 795; x_wconf 86' lang='lat' dir='ltr'><strong>a</strong></span> 
     </span>
     <span class='ocr_line' id='line_1_7' title="bbox 177 821 2198 906; baseline -0.001 -19"><span class='ocrx_word' id='word_1_49' title='bbox 177 821 367 888; x_wconf 90' lang='lat' dir='ltr'><strong>vobis</strong></span> <span class='ocrx_word' id='word_1_50' title='bbox 430 844 548 906; x_wconf 90' lang='lat' dir='ltr'><strong>per</strong></span> <span class='ocrx_word' id='word_1_51' title='bbox 601 821 955 886; x_wconf 84' lang='lat' dir='ltr'><strong>triennium</strong></span> <span class='ocrx_word' id='word_1_52' title='bbox 1007 821 1117 886; x_wconf 83' lang='lat' dir='ltr'><strong>vix</strong></span> <span class='ocrx_word' id='word_1_53' title='bbox 1169 843 1420 885; x_wconf 89' lang='lat' dir='ltr'><strong>annuus</strong></span> <span class='ocrx_word' id='word_1_54' title='bbox 1481 823 1779 904; x_wconf 90' lang='lat' dir='ltr'><strong>sumptus</strong></span> <span class='ocrx_word' id='word_1_55' title='bbox 1842 821 2034 888; x_wconf 87' lang='lat' dir='ltr'><strong>datus</strong></span> <span class='ocrx_word' id='word_1_56' title='bbox 2081 823 2198 884; x_wconf 87' lang='lat' dir='ltr'><strong>est.</strong></span> 
     </span>
     <span class='ocr_line' id='line_1_8' title="bbox 178 908 2269 997; baseline -0.002 -22"><span class='ocrx_word' id='word_1_57' title='bbox 178 932 295 997; x_wconf 90' lang='lat' dir='ltr'><strong>per</strong></span> <span class='ocrx_word' id='word_1_58' title='bbox 341 911 496 976; x_wconf 88' lang='lat' dir='ltr'><strong>deos</strong></span> <span class='ocrx_word' id='word_1_59' title='bbox 541 909 938 991; x_wconf 90' lang='lat' dir='ltr'><strong>inmortalis,</strong></span> <span class='ocrx_word' id='word_1_60' title='bbox 992 912 1215 973; x_wconf 87' lang='lat' dir='ltr'><strong>utrum</strong></span> <span class='ocrx_word' id='word_1_61' title='bbox 1261 909 1540 974; x_wconf 90' lang='lat' dir='ltr'><strong>censetis</strong></span> <span class='ocrx_word' id='word_1_62' title='bbox 1587 930 1690 974; x_wconf 87' lang='lat' dir='ltr'><strong>me</strong></span> <span class='ocrx_word' id='word_1_63' title='bbox 1735 908 1944 973; x_wconf 89' lang='lat' dir='ltr'><strong>vicem</strong></span> <span class='ocrx_word' id='word_1_64' title='bbox 1990 908 2199 972; x_wconf 87' lang='lat' dir='ltr'><strong>aerari</strong></span> <span class='ocrx_word' id='word_1_65' title='bbox 2236 923 2269 970; x_wconf 85' lang='lat'>3</span> 
     </span>
     <span class='ocr_line' id='line_1_9' title="bbox 177 960 2198 1082; baseline -0.001 -19"><span class='ocrx_word' id='word_1_66' title='bbox 177 1002 515 1082; x_wconf 89' lang='lat' dir='ltr'><strong>praestare</strong></span> <span class='ocrx_word' id='word_1_67' title='bbox 579 1021 664 1063; x_wconf 90' lang='lat' dir='ltr'><strong>an</strong></span> <span class='ocrx_word' id='word_1_68' title='bbox 727 960 1080 1063; x_wconf 80' lang='lat' dir='ltr'><strong>exercitum</strong></span> <span class='ocrx_word' id='word_1_69' title='bbox 1145 997 1283 1062; x_wconf 88' lang='lat' dir='ltr'><strong>sine</strong></span> <span class='ocrx_word' id='word_1_70' title='bbox 1348 996 1675 1062; x_wconf 85' lang='lat' dir='ltr'><strong>frumento</strong></span> <span class='ocrx_word' id='word_1_71' title='bbox 1741 1000 1809 1061; x_wconf 92' lang='lat' dir='ltr'><strong>et</strong></span> <span class='ocrx_word' id='word_1_72' title='bbox 1873 995 2198 1080; x_wconf 90' lang='lat' dir='ltr'><strong>stipendio</strong></span> 
     </span>
     <span class='ocr_line' id='line_1_10' title="bbox 178 1086 705 1170; baseline -0.004 -19"><span class='ocrx_word' id='word_1_73' title='bbox 178 1086 421 1151; x_wconf 85' lang='lat' dir='ltr'><strong>habere</strong></span> <span class='ocrx_word' id='word_1_74' title='bbox 466 1086 705 1170; x_wconf 76' lang='lat' dir='ltr'><strong>posse?</strong></span> 
     </span>
    </p>

    <p class='ocr_par' dir='ltr' id='par_1_3' title="bbox 124 1171 2274 2140">
     <span class='ocr_line' id='line_1_11' title="bbox 313 1171 2273 1257; baseline -0.003 -19"><span class='ocrx_word' id='word_1_75' title='bbox 313 1174 639 1257; x_wconf 82' lang='lat' dir='ltr'><strong>Equidem</strong></span> <span class='ocrx_word' id='word_1_76' title='bbox 682 1173 895 1237; x_wconf 87' lang='lat' dir='ltr'><strong>fateor</strong></span> <span class='ocrx_word' id='word_1_77' title='bbox 919 1194 1044 1237; x_wconf 87' lang='lat' dir='ltr'><strong>.me</strong></span> <span class='ocrx_word' id='word_1_78' title='bbox 1091 1173 1172 1237; x_wconf 90' lang='lat' dir='ltr'><strong>ad</strong></span> <span class='ocrx_word' id='word_1_79' title='bbox 1216 1173 1341 1244; x_wconf 89' lang='lat' dir='ltr'><strong>hoc</strong></span> <span class='ocrx_word' id='word_1_80' title='bbox 1385 1172 1631 1237; x_wconf 91' lang='lat' dir='ltr'><strong>bellum</strong></span> <span class='ocrx_word' id='word_1_81' title='bbox 1690 1173 1934 1238; x_wconf 88' lang='lat' dir='ltr'><strong>maiore</strong></span> <span class='ocrx_word' id='word_1_82' title='bbox 1982 1171 2200 1238; x_wconf 83' lang='lat' dir='ltr'><strong>studio</strong></span> <span class='ocrx_word' id='word_1_83' title='bbox 2238 1186 2273 1233; x_wconf 99' lang='grc'>4</span> 
     </span>
     <span class='ocr_line' id='line_1_12' title="bbox 181 1260 2201 1364; baseline -0.001 -37"><span class='ocrx_word' id='word_1_84' title='bbox 181 1284 410 1364; x_wconf 42' lang='lat' dir='ltr'><strong>quam·</strong></span> <span class='ocrx_word' id='word_1_85' title='bbox 440 1261 712 1327; x_wconf 88' lang='lat' dir='ltr'><strong>consilio</strong></span> <span class='ocrx_word' id='word_1_86' title='bbox 769 1261 1164 1346; x_wconf 86' lang='lat' dir='ltr'><strong>profectum,</strong></span> <span class='ocrx_word' id='word_1_87' title='bbox 1222 1260 1461 1344; x_wconf 87' lang='lat' dir='ltr'><strong>quippe</strong></span> <span class='ocrx_word' id='word_1_88' title='bbox 1522 1260 1635 1344; x_wconf 91' lang='lat' dir='ltr'><strong>qui</strong></span> <span class='ocrx_word' id='word_1_89' title='bbox 1691 1261 1952 1324; x_wconf 91' lang='lat' dir='ltr'><strong>nomine</strong></span> <span class='ocrx_word' id='word_1_90' title='bbox 2007 1260 2201 1325; x_wconf 94' lang='lat' dir='ltr'><strong>modo</strong></span> 
     </span>
     <span class='ocr_line' id='line_1_13' title="bbox 179 1347 2203 1435; baseline -0.002 -20"><span class='ocrx_word' id='word_1_91' title='bbox 179 1350 416 1435; x_wconf 92' lang='lat' dir='ltr'><strong>imperi</strong></span> <span class='ocrx_word' id='word_1_92' title='bbox 461 1372 502 1414; x_wconf 86' lang='lat' dir='ltr'><strong>a</strong></span> <span class='ocrx_word' id='word_1_93' title='bbox 545 1349 732 1414; x_wconf 87' lang='lat' dir='ltr'><strong>vobis</strong></span> <span class='ocrx_word' id='word_1_94' title='bbox 779 1352 1045 1433; x_wconf 90' lang='lat' dir='ltr'><strong>accepto</strong></span> <span class='ocrx_word' id='word_1_95' title='bbox 1092 1348 1318 1413; x_wconf 90' lang='lat' dir='ltr'><strong>diebus</strong></span> <span class='ocrx_word' id='word_1_96' title='bbox 1366 1348 1800 1433; x_wconf 84' lang='lat' dir='ltr'><strong>quadraginta</strong></span> <span class='ocrx_word' id='word_1_97' title='bbox 1844 1347 2203 1412; x_wconf 89' lang='lat' dir='ltr'><strong>exercitum</strong></span> 
     </span>
     <span class='ocr_line' id='line_1_14' title="bbox 179 1434 2200 1523; baseline -0.001 -21"><span class='ocrx_word' id='word_1_98' title='bbox 179 1437 408 1523; x_wconf 88' lang='lat' dir='ltr'><strong>paravi</strong></span> <span class='ocrx_word' id='word_1_99' title='bbox 452 1437 792 1521; x_wconf 90' lang='lat' dir='ltr'><strong>hostisque</strong></span> <span class='ocrx_word' id='word_1_100' title='bbox 837 1437 909 1501; x_wconf 92' lang='lat' dir='ltr'><strong>in</strong></span> <span class='ocrx_word' id='word_1_101' title='bbox 953 1436 1309 1501; x_wconf 90' lang='lat' dir='ltr'><strong>cervicibus</strong></span> <span class='ocrx_word' id='word_1_102' title='bbox 1355 1436 1489 1500; x_wconf 90' lang='lat' dir='ltr'><strong>iam</strong></span> <span class='ocrx_word' id='word_1_103' title='bbox 1534 1434 1767 1499; x_wconf 87' lang='lat' dir='ltr'><strong>Italiae</strong></span> <span class='ocrx_word' id='word_1_104' title='bbox 1814 1436 2070 1521; x_wconf 84' lang='lat' dir='ltr'><strong>agentis</strong></span> <span class='ocrx_word' id='word_1_105' title='bbox 2118 1436 2200 1500; x_wconf 90' lang='lat' dir='ltr'><strong>ab</strong></span> 
     </span>
     <span class='ocr_line' id='line_1_15' title="bbox 181 1521 2203 1611; baseline -0.002 -20"><span class='ocrx_word' id='word_1_106' title='bbox 181 1526 465 1610; x_wconf 75' lang='lat' dir='ltr'><strong>Alpibus</strong></span> <span class='ocrx_word' id='word_1_107' title='bbox 518 1525 589 1589; x_wconf 90' lang='lat' dir='ltr'><strong>in</strong></span> <span class='ocrx_word' id='word_1_108' title='bbox 640 1524 1028 1608; x_wconf 83' lang='lat' dir='ltr'><strong>Hispaniam</strong></span> <span class='ocrx_word' id='word_1_109' title='bbox 1084 1524 1399 1589; x_wconf 84' lang='lat' dir='ltr'><strong>submovi.</strong></span> <span class='ocrx_word' id='word_1_110' title='bbox 1497 1544 1613 1611; x_wconf 80' lang='lat' dir='ltr'><strong>per</strong></span> <span class='ocrx_word' id='word_1_111' title='bbox 1668 1545 1776 1588; x_wconf 91' lang='lat' dir='ltr'><strong>eas</strong></span> <span class='ocrx_word' id='word_1_112' title='bbox 1840 1523 1967 1588; x_wconf 87' lang='lat' dir='ltr'><strong>iter</strong></span> <span class='ocrx_word' id='word_1_113' title='bbox 2026 1521 2203 1587; x_wconf 88' lang='lat' dir='ltr'><strong>aliud</strong></span> 
     </span>
     <span class='ocr_line' id='line_1_16' title="bbox 124 1610 2273 1698; baseline -0.003 -19"><span class='ocrx_word' id='word_1_114' title='bbox 124 1617 132 1624; x_wconf 83' lang='lat'>&#39;</span> <span class='ocrx_word' id='word_1_115' title='bbox 183 1618 382 1698; x_wconf 87' lang='lat' dir='ltr'><strong>atque</strong></span> <span class='ocrx_word' id='word_1_116' title='bbox 437 1612 796 1696; x_wconf 81' lang='lat' dir='ltr'><strong>Hannibal,</strong></span> <span class='ocrx_word' id='word_1_117' title='bbox 848 1612 1040 1679; x_wconf 90' lang='lat' dir='ltr'><strong>nobis</strong></span> <span class='ocrx_word' id='word_1_118' title='bbox 1095 1611 1554 1696; x_wconf 86' lang='lat' dir='ltr'><strong>opportunius,</strong></span> <span class='ocrx_word' id='word_1_119' title='bbox 1604 1611 1901 1695; x_wconf 88' lang='lat' dir='ltr'><strong>patefeci.</strong></span> <span class='ocrx_word' id='word_1_120' title='bbox 1991 1610 2204 1695; x_wconf 88' lang='lat' dir='ltr'><strong>recepi</strong></span> <span class='ocrx_word' id='word_1_121' title='bbox 2241 1624 2273 1673; x_wconf 84' lang='lat'>5</span> 
     </span>
     <span class='ocr_line' id='line_1_17' title="bbox 185 1663 2204 1800; baseline -0.002 -33"><span class='ocrx_word' id='word_1_122' title='bbox 185 1701 470 1767; x_wconf 85' lang='lat' dir='ltr'><strong>Galliam</strong></span> <span class='ocrx_word' id='word_1_123' title='bbox 514 1700 568 1765; x_wconf 93' lang='lat' dir='ltr'><strong>P</strong></span> <span class='ocrx_word' id='word_1_124' title='bbox 648 1722 918 1765; x_wconf 88' lang='lat' dir='ltr'><strong>enaeum</strong></span> <span class='ocrx_word' id='word_1_125' title='bbox 963 1698 1383 1800; x_wconf 82' lang='lat' dir='ltr'><strong>Lacetaniam</strong></span> <span class='ocrx_word' id='word_1_126' title='bbox 1436 1663 1754 1784; x_wconf 87' lang='lat' dir='ltr'><strong>Indigetis</strong></span> <span class='ocrx_word' id='word_1_127' title='bbox 1810 1703 1877 1765; x_wconf 93' lang='lat' dir='ltr'><strong>et</strong></span> <span class='ocrx_word' id='word_1_128' title='bbox 1893 1699 2204 1784; x_wconf 91' lang='lat' dir='ltr'><strong>primum</strong></span> 
     </span>
     <span class='ocr_line' id='line_1_18' title="bbox 181 1771 2203 1874; baseline -0.002 -19"><span class='ocrx_word' id='word_1_129' title='bbox 181 1791 504 1874; x_wconf 91' lang='lat' dir='ltr'><strong>impetum</strong></span> <span class='ocrx_word' id='word_1_130' title='bbox 618 1788 821 1853; x_wconf 89' lang='lat' dir='ltr'><strong>ertori</strong></span> <span class='ocrx_word' id='word_1_131' title='bbox 884 1787 1151 1853; x_wconf 89' lang='lat' dir='ltr'><strong>victoris</strong></span> <span class='ocrx_word' id='word_1_132' title='bbox 1214 1787 1403 1852; x_wconf 93' lang='lat' dir='ltr'><strong>novis</strong></span> <span class='ocrx_word' id='word_1_133' title='bbox 1469 1787 1792 1852; x_wconf 81' lang='lat' dir='ltr'><strong>militibus</strong></span> <span class='ocrx_word' id='word_1_134' title='bbox 1860 1771 1928 1852; x_wconf 86' lang='lat' dir='ltr'><strong>et</strong></span> <span class='ocrx_word' id='word_1_135' title='bbox 1993 1787 2203 1852; x_wconf 91' lang='lat' dir='ltr'><strong>multo</strong></span> 
     </span>
     <span class='ocr_line' id='line_1_19' title="bbox 182 1871 2205 1963; baseline -0.002 -21"><span class='ocrx_word' id='word_1_136' title='bbox 182 1877 598 1963; x_wconf 85' lang='lat' dir='ltr'><strong>paucioribus</strong></span> <span class='ocrx_word' id='word_1_137' title='bbox 654 1871 950 1942; x_wconf 89' lang='lat' dir='ltr'><strong>sustinui</strong></span> <span class='ocrx_word' id='word_1_138' title='bbox 989 1875 1397 1959; x_wconf 84' lang='lat' dir='ltr'><strong>hiememque</strong></span> <span class='ocrx_word' id='word_1_139' title='bbox 1456 1875 1688 1940; x_wconf 91' lang='lat' dir='ltr'><strong>castris</strong></span> <span class='ocrx_word' id='word_1_140' title='bbox 1744 1876 1918 1940; x_wconf 89' lang='lat' dir='ltr'><strong>inter</strong></span> <span class='ocrx_word' id='word_1_141' title='bbox 1972 1875 2205 1939; x_wconf 89' lang='lat' dir='ltr'><strong>saevis-</strong></span> 
     </span>
     <span class='ocr_line' id='line_1_20' title="bbox 184 1962 2204 2052; baseline -0.002 -21"><span class='ocrx_word' id='word_1_142' title='bbox 184 1986 407 2031; x_wconf 91' lang='lat' dir='ltr'><strong>sumos</strong></span> <span class='ocrx_word' id='word_1_143' title='bbox 461 1964 700 2049; x_wconf 89' lang='lat' dir='ltr'><strong>hostis,</strong></span> <span class='ocrx_word' id='word_1_144' title='bbox 762 1985 894 2029; x_wconf 90' lang='lat' dir='ltr'><strong>non</strong></span> <span class='ocrx_word' id='word_1_145' title='bbox 954 1985 1072 2048; x_wconf 91' lang='lat' dir='ltr'><strong>per</strong></span> <span class='ocrx_word' id='word_1_146' title='bbox 1135 1962 1374 2047; x_wconf 88' lang='lat' dir='ltr'><strong>oppida</strong></span> <span class='ocrx_word' id='word_1_147' title='bbox 1435 1984 1643 2052; x_wconf 85' lang='lat' dir='ltr'><strong>neque</strong></span> <span class='ocrx_word' id='word_1_148' title='bbox 1707 1985 1786 2027; x_wconf 86' lang='lat' dir='ltr'><strong>ex</strong></span> <span class='ocrx_word' id='word_1_149' title='bbox 1848 1962 2204 2028; x_wconf 87' lang='lat' dir='ltr'><strong>ambitione</strong></span> 
     </span>
     <span class='ocr_line' id='line_1_21' title="bbox 184 2047 2274 2140; baseline -0.002 -21"><span class='ocrx_word' id='word_1_150' title='bbox 184 2054 308 2140; x_wconf 86' lang='lat' dir='ltr'><strong>egi.</strong></span> <span class='ocrx_word' id='word_1_151' title='bbox 371 2052 565 2138; x_wconf 89' lang='lat' dir='ltr'><strong>quid</strong></span> <span class='ocrx_word' id='word_1_152' title='bbox 619 2051 846 2117; x_wconf 90' lang='lat' dir='ltr'><strong>deinde</strong></span> <span class='ocrx_word' id='word_1_153' title='bbox 899 2051 1149 2135; x_wconf 91' lang='lat' dir='ltr'><strong>proelia</strong></span> <span class='ocrx_word' id='word_1_154' title='bbox 1204 2054 1317 2115; x_wconf 89' lang='lat' dir='ltr'><strong>aut</strong></span> <span class='ocrx_word' id='word_1_155' title='bbox 1372 2047 1812 2134; x_wconf 85' lang='lat' dir='ltr'><strong>expeditiones</strong></span> <span class='ocrx_word' id='word_1_156' title='bbox 1880 2051 2205 2135; x_wconf 87' lang='lat' dir='ltr'><strong>hibernas,</strong></span> <span class='ocrx_word' id='word_1_157' title='bbox 2242 2066 2274 2114; x_wconf 84' lang='grc'><strong>6</strong></span> 
     </span>
    </p>
   </div>
   <div class='ocr_carea' id='block_1_3' title="bbox 63 2139 2279 2225">
    <p class='ocr_par' dir='ltr' id='par_1_4' title="bbox 63 2139 2279 2225">
     <span class='ocr_line' id='line_1_22' title="bbox 63 2139 2279 2225; baseline -0.003 -17"><span class='ocrx_word' id='word_1_158' title='bbox 63 2213 70 2219; x_wconf 61' lang='lat'><strong>,</strong></span> <span class='ocrx_word' id='word_1_159' title='bbox 185 2140 426 2225; x_wconf 87' lang='lat' dir='ltr'><strong>oppida</strong></span> <span class='ocrx_word' id='word_1_160' title='bbox 461 2140 676 2205; x_wconf 85' lang='lat' dir='ltr'><strong>excisa</strong></span> <span class='ocrx_word' id='word_1_161' title='bbox 712 2143 827 2205; x_wconf 89' lang='lat' dir='ltr'><strong>aut</strong></span> <span class='ocrx_word' id='word_1_162' title='bbox 863 2142 1123 2223; x_wconf 82' lang='lat' dir='ltr'><strong>recepta</strong></span> <span class='ocrx_word' id='word_1_163' title='bbox 1159 2139 1575 2203; x_wconf 76' lang='lat' dir='ltr'><strong>enumerem?</strong></span> <span class='ocrx_word' id='word_1_164' title='bbox 1623 2139 1877 2222; x_wconf 90' lang='lat' dir='ltr'><strong>quando</strong></span> <span class='ocrx_word' id='word_1_165' title='bbox 1914 2161 2017 2204; x_wconf 89' lang='lat' dir='ltr'><strong>res</strong></span> <span class='ocrx_word' id='word_1_166' title='bbox 2052 2140 2202 2224; x_wconf 90' lang='lat' dir='ltr'><strong>plus</strong></span> <span class='ocrx_word' id='word_1_167' title='bbox 2274 2177 2279 2182; x_wconf 92' lang='lat'><em>·</em></span> 
     </span>
    </p>
   </div>
   <div class='ocr_carea' id='block_1_4' title="bbox 182 2224 2306 3627">
    <p class='ocr_par' dir='ltr' id='par_1_5' title="bbox 182 2224 2206 2645">
     <span class='ocr_line' id='line_1_23' title="bbox 182 2224 2204 2313; baseline -0.001 -20"><span class='ocrx_word' id='word_1_168' title='bbox 182 2230 362 2294; x_wconf 83' lang='lat' dir='ltr'><strong>valet</strong></span> <span class='ocrx_word' id='word_1_169' title='bbox 425 2250 619 2313; x_wconf 91' lang='lat' dir='ltr'><strong>quam</strong></span> <span class='ocrx_word' id='word_1_170' title='bbox 682 2227 895 2292; x_wconf 89' lang='lat' dir='ltr'><strong>verba.</strong></span> <span class='ocrx_word' id='word_1_171' title='bbox 996 2231 1212 2292; x_wconf 90' lang='lat' dir='ltr'><strong>castra</strong></span> <span class='ocrx_word' id='word_1_172' title='bbox 1268 2227 1563 2292; x_wconf 89' lang='lat' dir='ltr'><strong>hostium</strong></span> <span class='ocrx_word' id='word_1_173' title='bbox 1624 2226 1794 2310; x_wconf 92' lang='lat' dir='ltr'><strong>apud</strong></span> <span class='ocrx_word' id='word_1_174' title='bbox 1851 2224 2204 2292; x_wconf 84' lang='lat' dir='ltr'><strong>Sucronem</strong></span> 
     </span>
     <span class='ocr_line' id='line_1_24' title="bbox 185 2312 2205 2400; baseline -0.003 -17"><span class='ocrx_word' id='word_1_175' title='bbox 185 2320 382 2400; x_wconf 90' lang='lat' dir='ltr'><strong>capta</strong></span> <span class='ocrx_word' id='word_1_176' title='bbox 417 2319 485 2380; x_wconf 87' lang='lat' dir='ltr'><strong>et</strong></span> <span class='ocrx_word' id='word_1_177' title='bbox 509 2315 831 2400; x_wconf 89' lang='lat' dir='ltr'><strong>proelium</strong></span> <span class='ocrx_word' id='word_1_178' title='bbox 866 2314 1037 2399; x_wconf 89' lang='lat' dir='ltr'><strong>apud</strong></span> <span class='ocrx_word' id='word_1_179' title='bbox 1063 2315 1305 2379; x_wconf 89' lang='lat' dir='ltr'><strong>flumen</strong></span> <span class='ocrx_word' id='word_1_180' title='bbox 1330 2312 1611 2378; x_wconf 90' lang='lat' dir='ltr'><strong>Durium</strong></span> <span class='ocrx_word' id='word_1_181' title='bbox 1647 2317 1714 2378; x_wconf 86' lang='lat' dir='ltr'><strong>et</strong></span> <span class='ocrx_word' id='word_1_182' title='bbox 1750 2313 1879 2377; x_wconf 85' lang='lat' dir='ltr'><strong>dux</strong></span> <span class='ocrx_word' id='word_1_183' title='bbox 1912 2313 2205 2378; x_wconf 90' lang='lat' dir='ltr'><strong>hostium</strong></span> 
     </span>
     <span class='ocr_line' id='line_1_25' title="bbox 185 2400 2206 2470; baseline -0.003 0"><span class='ocrx_word' id='word_1_184' title='bbox 185 2403 257 2470; x_wconf 82' lang='lat' dir='ltr'><strong>O.</strong></span> <span class='ocrx_word' id='word_1_185' title='bbox 302 2403 668 2468; x_wconf 86' lang='lat' dir='ltr'><strong>Herennius</strong></span> <span class='ocrx_word' id='word_1_186' title='bbox 734 2425 880 2468; x_wconf 90' lang='lat' dir='ltr'><strong>cum</strong></span> <span class='ocrx_word' id='word_1_187' title='bbox 939 2403 1098 2468; x_wconf 87' lang='lat' dir='ltr'><strong>urbe</strong></span> <span class='ocrx_word' id='word_1_188' title='bbox 1154 2401 1464 2466; x_wconf 87' lang='lat' dir='ltr'><strong>Valentia</strong></span> <span class='ocrx_word' id='word_1_189' title='bbox 1526 2404 1594 2465; x_wconf 92' lang='lat' dir='ltr'><strong>et</strong></span> <span class='ocrx_word' id='word_1_190' title='bbox 1659 2400 1946 2465; x_wconf 86' lang='lat' dir='ltr'><strong>exercitu</strong></span> <span class='ocrx_word' id='word_1_191' title='bbox 2008 2401 2206 2465; x_wconf 86' lang='lat' dir='ltr'><strong>deleti</strong></span> 
     </span>
     <span class='ocr_line' id='line_1_26' title="bbox 185 2488 2204 2604; baseline -0.002 -47"><span class='ocrx_word' id='word_1_192' title='bbox 185 2491 351 2558; x_wconf 90' lang='lat' dir='ltr'><strong>satis</strong></span> <span class='ocrx_word' id='word_1_193' title='bbox 398 2491 573 2556; x_wconf 88' lang='lat' dir='ltr'><strong>clara</strong></span> <span class='ocrx_word' id='word_1_194' title='bbox 615 2490 814 2555; x_wconf 83' lang='lat' dir='ltr'><strong>vobis</strong></span> <span class='ocrx_word' id='word_1_195' title='bbox 850 2494 1019 2555; x_wconf 89' lang='lat' dir='ltr'><strong>sunt</strong></span> <span class='ocrx_word' id='word_1_196' title='bbox 1099 2512 1218 2573; x_wconf 89' lang='lat' dir='ltr'><strong>pro</strong></span> <span class='ocrx_word' id='word_1_197' title='bbox 1267 2489 1430 2573; x_wconf 89' lang='lat' dir='ltr'><strong>quis,</strong></span> <span class='ocrx_word' id='word_1_198' title='bbox 1477 2511 1514 2553; x_wconf 95' lang='lat' dir='ltr'><strong>o</strong></span> <span class='ocrx_word' id='word_1_199' title='bbox 1562 2488 1736 2573; x_wconf 85' lang='lat' dir='ltr'><strong>grati</strong></span> <span class='ocrx_word' id='word_1_200' title='bbox 1779 2491 2018 2572; x_wconf 90' lang='lat' dir='ltr'><strong>patres,</strong></span> <span class='ocrx_word' id='word_1_201' title='bbox 2064 2508 2204 2604; x_wconf 59' lang='lat' dir='ltr'><strong>ege</strong></span> 
     </span>
     <span class='ocr_line' id='line_1_27' title="bbox 186 2577 1415 2645; baseline -0.002 0"><span class='ocrx_word' id='word_1_202' title='bbox 186 2583 431 2645; x_wconf 87' lang='lat' dir='ltr'><strong>statem</strong></span> <span class='ocrx_word' id='word_1_203' title='bbox 476 2583 544 2643; x_wconf 79' lang='lat' dir='ltr'><strong>et·</strong></span> <span class='ocrx_word' id='word_1_204' title='bbox 587 2578 828 2643; x_wconf 85' lang='lat' dir='ltr'><strong>famem</strong></span> <span class='ocrx_word' id='word_1_205' title='bbox 873 2577 1164 2644; x_wconf 87' lang='lat' dir='ltr'><strong>redditis.</strong></span> <span class='ocrx_word' id='word_1_206' title='bbox 1410 2603 1415 2606; x_wconf 90' lang='grc'><em>·</em></span> 
     </span>
    </p>

    <p class='ocr_par' dir='ltr' id='par_1_6' title="bbox 182 2663 2306 3627">
     <span class='ocr_line' id='line_1_28' title="bbox 320 2663 2204 2750; baseline -0.001 -20"><span class='ocrx_word' id='word_1_207' title='bbox 320 2665 551 2750; x_wconf 89' lang='lat' dir='ltr'><strong>Itaque</strong></span> <span class='ocrx_word' id='word_1_208' title='bbox 597 2689 743 2732; x_wconf 94' lang='lat' dir='ltr'><strong>meo</strong></span> <span class='ocrx_word' id='word_1_209' title='bbox 788 2670 873 2731; x_wconf 92' lang='lat' dir='ltr'><strong>et</strong></span> <span class='ocrx_word' id='word_1_210' title='bbox 898 2666 1190 2731; x_wconf 89' lang='lat' dir='ltr'><strong>hostium</strong></span> <span class='ocrx_word' id='word_1_211' title='bbox 1226 2665 1537 2730; x_wconf 88' lang='lat' dir='ltr'><strong>exercitui</strong></span> <span class='ocrx_word' id='word_1_212' title='bbox 1580 2686 1699 2748; x_wconf 88' lang='lat' dir='ltr'><strong>par</strong></span> <span class='ocrx_word' id='word_1_213' title='bbox 1737 2663 2030 2730; x_wconf 87' lang='lat' dir='ltr'><strong>condicio</strong></span> <span class='ocrx_word' id='word_1_214' title='bbox 2077 2668 2204 2749; x_wconf 92' lang='lat' dir='ltr'><strong>est·</strong></span> 
     </span>
     <span class='ocr_line' id='line_1_29' title="bbox 182 2682 2274 2839; baseline -0.005 -18"><span class='ocrx_word' id='word_1_215' title='bbox 182 2776 465 2838; x_wconf 90' lang='lat' dir='ltr'><strong>namque</strong></span> <span class='ocrx_word' id='word_1_216' title='bbox 531 2754 927 2839; x_wconf 90' lang='lat' dir='ltr'><strong>stipendium</strong></span> <span class='ocrx_word' id='word_1_217' title='bbox 984 2753 1199 2819; x_wconf 90' lang='lat' dir='ltr'><strong>neutri</strong></span> <span class='ocrx_word' id='word_1_218' title='bbox 1254 2754 1473 2836; x_wconf 88' lang='lat' dir='ltr'><strong>datur,</strong></span> <span class='ocrx_word' id='word_1_219' title='bbox 1536 2752 1747 2817; x_wconf 89' lang='lat' dir='ltr'><strong>victor</strong></span> <span class='ocrx_word' id='word_1_220' title='bbox 1808 2756 2080 2836; x_wconf 91' lang='lat' dir='ltr'><strong>uterque</strong></span> <span class='ocrx_word' id='word_1_221' title='bbox 2135 2682 2274 2817; x_wconf 44' lang='grc' dir='ltr'><strong>1ιι,1</strong></span> <span class='ocrx_word' id='word_1_222' title='bbox 2267 2808 2270 2811; x_wconf 81' lang='grc'>,</span> 
     </span>
     <span class='ocr_line' id='line_1_30' title="bbox 185 2842 2274 2926; baseline -0.002 -18"><span class='ocrx_word' id='word_1_223' title='bbox 185 2843 453 2908; x_wconf 89' lang='lat' dir='ltr'><strong>Italiam</strong></span> <span class='ocrx_word' id='word_1_224' title='bbox 488 2843 705 2907; x_wconf 83' lang='lat' dir='ltr'><strong>venire</strong></span> <span class='ocrx_word' id='word_1_225' title='bbox 740 2846 978 2926; x_wconf 89' lang='lat' dir='ltr'><strong>potest.</strong></span> <span class='ocrx_word' id='word_1_226' title='bbox 1043 2842 1214 2926; x_wconf 93' lang='lat' dir='ltr'><strong>quod</strong></span> <span class='ocrx_word' id='word_1_227' title='bbox 1252 2861 1373 2926; x_wconf 86' lang='lat' dir='ltr'><strong>ego</strong></span> <span class='ocrx_word' id='word_1_228' title='bbox 1410 2862 1526 2905; x_wconf 91' lang='lat' dir='ltr'><strong>vos</strong></span> <span class='ocrx_word' id='word_1_229' title='bbox 1564 2861 1796 2905; x_wconf 94' lang='lat' dir='ltr'><strong>moneo</strong></span> <span class='ocrx_word' id='word_1_230' title='bbox 1836 2861 2203 2924; x_wconf 88' lang='lat' dir='ltr'><strong>quaesoque</strong></span> <span class='ocrx_word' id='word_1_231' title='bbox 2241 2857 2274 2905; x_wconf 85' lang='lat'>8</span> 
     </span>
     <span class='ocr_line' id='line_1_31' title="bbox 183 2927 2204 3014; baseline -0.002 -18"><span class='ocrx_word' id='word_1_232' title='bbox 183 2935 261 2997; x_wconf 89' lang='lat' dir='ltr'><strong>ut</strong></span> <span class='ocrx_word' id='word_1_233' title='bbox 306 2930 841 2995; x_wconf 80' lang='lat' dir='ltr'><strong>animadvortatis</strong></span> <span class='ocrx_word' id='word_1_234' title='bbox 887 2952 1013 2995; x_wconf 86' lang='lat' dir='ltr'><strong>neu</strong></span> <span class='ocrx_word' id='word_1_235' title='bbox 1059 2929 1311 3014; x_wconf 86' lang='lat' dir='ltr'><strong>cogatis</strong></span> <span class='ocrx_word' id='word_1_236' title='bbox 1358 2927 1859 2993; x_wconf 90' lang='lat' dir='ltr'><strong>necessitatibus</strong></span> <span class='ocrx_word' id='word_1_237' title='bbox 1895 2928 2204 3011; x_wconf 91' lang='lat' dir='ltr'><strong>privatim</strong></span> 
     </span>
     <span class='ocr_line' id='line_1_32' title="bbox 185 3016 2272 3101; baseline -0.002 -17"><span class='ocrx_word' id='word_1_238' title='bbox 185 3019 350 3084; x_wconf 88' lang='lat' dir='ltr'><strong>mihi</strong></span> <span class='ocrx_word' id='word_1_239' title='bbox 396 3018 746 3087; x_wconf 90' lang='lat' dir='ltr'><strong>consulere.</strong></span> <span class='ocrx_word' id='word_1_240' title='bbox 835 3016 1222 3101; x_wconf 88' lang='lat' dir='ltr'><strong>Hispaniam</strong></span> <span class='ocrx_word' id='word_1_241' title='bbox 1268 3016 1665 3101; x_wconf 83' lang='lat' dir='ltr'><strong>citeriorem,</strong></span> <span class='ocrx_word' id='word_1_242' title='bbox 1722 3037 1885 3099; x_wconf 90' lang='lat' dir='ltr'><strong>quae</strong></span> <span class='ocrx_word' id='word_1_243' title='bbox 1939 3036 2074 3080; x_wconf 91' lang='lat' dir='ltr'><strong>non</strong></span> <span class='ocrx_word' id='word_1_244' title='bbox 2119 3016 2201 3079; x_wconf 88' lang='lat' dir='ltr'><strong>ab</strong></span> <span class='ocrx_word' id='word_1_245' title='bbox 2240 3032 2272 3080; x_wconf 83' lang='lat'>9</span> 
     </span>
     <span class='ocr_line' id='line_1_33' title="bbox 182 3102 2203 3191; baseline -0.002 -20"><span class='ocrx_word' id='word_1_246' title='bbox 182 3106 487 3172; x_wconf 89' lang='lat' dir='ltr'><strong>hostibus</strong></span> <span class='ocrx_word' id='word_1_247' title='bbox 534 3110 821 3191; x_wconf 88' lang='lat' dir='ltr'><strong>tenetur,</strong></span> <span class='ocrx_word' id='word_1_248' title='bbox 864 3127 985 3171; x_wconf 88' lang='lat' dir='ltr'><strong>nos</strong></span> <span class='ocrx_word' id='word_1_249' title='bbox 1034 3109 1147 3169; x_wconf 91' lang='lat' dir='ltr'><strong>aut</strong></span> <span class='ocrx_word' id='word_1_250' title='bbox 1195 3102 1522 3169; x_wconf 81' lang='lat' dir='ltr'><strong>Sertorius</strong></span> <span class='ocrx_word' id='word_1_251' title='bbox 1570 3104 1651 3168; x_wconf 88' lang='lat' dir='ltr'><strong>ad</strong></span> <span class='ocrx_word' id='word_1_252' title='bbox 1696 3102 2203 3168; x_wconf 89' lang='lat' dir='ltr'><strong>internecionem</strong></span> 
     </span>
     <span class='ocr_line' id='line_1_34' title="bbox 183 3190 2258 3278; baseline -0.002 -19"><span class='ocrx_word' id='word_1_253' title='bbox 183 3194 603 3278; x_wconf 83' lang='lat' dir='ltr'><strong>vastavimus,</strong></span> <span class='ocrx_word' id='word_1_254' title='bbox 656 3199 916 3278; x_wconf 90' lang='lat' dir='ltr'><strong>praeter</strong></span> <span class='ocrx_word' id='word_1_255' title='bbox 970 3192 1351 3257; x_wconf 87' lang='lat' dir='ltr'><strong>maritumas</strong></span> <span class='ocrx_word' id='word_1_256' title='bbox 1409 3191 1724 3257; x_wconf 86' lang='lat' dir='ltr'><strong>civitatis:</strong></span> <span class='ocrx_word' id='word_1_257' title='bbox 1777 3190 1953 3255; x_wconf 90' lang='lat' dir='ltr'><strong>ultro</strong></span> <span class='ocrx_word' id='word_1_258' title='bbox 2008 3190 2201 3255; x_wconf 91' lang='lat' dir='ltr'><strong>nobis</strong></span> <span class='ocrx_word' id='word_1_259' title='bbox 2248 3207 2258 3216; x_wconf 88' lang='lat'><em>·</em></span> 
     </span>
     <span class='ocr_line' id='line_1_35' title="bbox 184 3277 2202 3367; baseline -0.003 -19"><span class='ocrx_word' id='word_1_260' title='bbox 184 3282 478 3366; x_wconf 84' lang='lat' dir='ltr'><strong>sumptui</strong></span> <span class='ocrx_word' id='word_1_261' title='bbox 505 3282 765 3367; x_wconf 87' lang='lat' dir='ltr'><strong>aerique</strong></span> <span class='ocrx_word' id='word_1_262' title='bbox 795 3284 964 3346; x_wconf 90' lang='lat' dir='ltr'><strong>sunt.</strong></span> <span class='ocrx_word' id='word_1_263' title='bbox 1020 3278 1236 3345; x_wconf 82' lang='lat' dir='ltr'><strong>Gallia</strong></span> <span class='ocrx_word' id='word_1_264' title='bbox 1263 3280 1593 3363; x_wconf 87' lang='lat' dir='ltr'><strong>superiore</strong></span> <span class='ocrx_word' id='word_1_265' title='bbox 1623 3300 1791 3344; x_wconf 89' lang='lat' dir='ltr'><strong>anno</strong></span> <span class='ocrx_word' id='word_1_266' title='bbox 1819 3277 2073 3342; x_wconf 86' lang='lat' dir='ltr'><strong>Metelli</strong></span> <span class='ocrx_word' id='word_1_267' title='bbox 2102 3300 2202 3342; x_wconf 86' lang='lat' dir='ltr'><strong>ex-</strong></span> 
     </span>
     <span class='ocr_line' id='line_1_36' title="bbox 183 3365 2203 3454; baseline -0.004 -17"><span class='ocrx_word' id='word_1_268' title='bbox 183 3371 460 3436; x_wconf 86' lang='lat' dir='ltr'><strong>ercitum</strong></span> <span class='ocrx_word' id='word_1_269' title='bbox 488 3368 811 3454; x_wconf 88' lang='lat' dir='ltr'><strong>stipendio</strong></span> <span class='ocrx_word' id='word_1_270' title='bbox 837 3369 1291 3452; x_wconf 86' lang='lat' dir='ltr'><strong>frumentoque</strong></span> <span class='ocrx_word' id='word_1_271' title='bbox 1321 3367 1486 3432; x_wconf 90' lang='lat' dir='ltr'><strong>aluit</strong></span> <span class='ocrx_word' id='word_1_272' title='bbox 1522 3370 1590 3431; x_wconf 89' lang='lat' dir='ltr'><strong>et</strong></span> <span class='ocrx_word' id='word_1_273' title='bbox 1615 3389 1788 3432; x_wconf 90' lang='lat' dir='ltr'><strong>nunc</strong></span> <span class='ocrx_word' id='word_1_274' title='bbox 1816 3366 2008 3431; x_wconf 91' lang='lat' dir='ltr'><strong>malis</strong></span> <span class='ocrx_word' id='word_1_275' title='bbox 2035 3365 2203 3430; x_wconf 88' lang='lat' dir='ltr'><strong>fruc·</strong></span> 
     </span>
     <span class='ocr_line' id='line_1_37' title="bbox 182 3454 2202 3542; baseline -0.003 -18"><span class='ocrx_word' id='word_1_276' title='bbox 182 3460 363 3524; x_wconf 88' lang='lat' dir='ltr'><strong>tibus</strong></span> <span class='ocrx_word' id='word_1_277' title='bbox 408 3458 553 3541; x_wconf 90' lang='lat' dir='ltr'><strong>ipsa</strong></span> <span class='ocrx_word' id='word_1_278' title='bbox 597 3457 706 3522; x_wconf 83' lang='lat' dir='ltr'><strong>vix</strong></span> <span class='ocrx_word' id='word_1_279' title='bbox 752 3457 979 3542; x_wconf 88' lang='lat' dir='ltr'><strong>agitat.</strong></span> <span class='ocrx_word' id='word_1_280' title='bbox 1044 3476 1165 3541; x_wconf 85' lang='lat' dir='ltr'><strong>ego</strong></span> <span class='ocrx_word' id='word_1_281' title='bbox 1209 3478 1344 3520; x_wconf 93' lang='lat' dir='ltr'><strong>non</strong></span> <span class='ocrx_word' id='word_1_282' title='bbox 1388 3476 1525 3518; x_wconf 91' lang='lat' dir='ltr'><strong>rem</strong></span> <span class='ocrx_word' id='word_1_283' title='bbox 1563 3454 1953 3520; x_wconf 86' lang='lat' dir='ltr'><strong>familiarem</strong></span> <span class='ocrx_word' id='word_1_284' title='bbox 1990 3454 2202 3537; x_wconf 91' lang='lat' dir='ltr'><strong>modo,</strong></span> 
     </span>
     <span class='ocr_line' id='line_1_38' title="bbox 182 3541 2306 3627; baseline -0.003 -15"><span class='ocrx_word' id='word_1_285' title='bbox 182 3568 410 3613; x_wconf 88' lang='lat' dir='ltr'><strong>verum</strong></span> <span class='ocrx_word' id='word_1_286' title='bbox 453 3546 654 3609; x_wconf 88' lang='lat' dir='ltr'><strong>etiam</strong></span> <span class='ocrx_word' id='word_1_287' title='bbox 699 3544 893 3609; x_wconf 91' lang='lat' dir='ltr'><strong>fidem</strong></span> <span class='ocrx_word' id='word_1_288' title='bbox 938 3543 1326 3627; x_wconf 87' lang='lat' dir='ltr'><strong>consumpsi.</strong></span> <span class='ocrx_word' id='word_1_289' title='bbox 1410 3541 1644 3625; x_wconf 89' lang='lat' dir='ltr'><strong>reliqui</strong></span> <span class='ocrx_word' id='word_1_290' title='bbox 1689 3564 1805 3607; x_wconf 91' lang='lat' dir='ltr'><strong>vos</strong></span> <span class='ocrx_word' id='word_1_291' title='bbox 1852 3542 2037 3606; x_wconf 91' lang='lat' dir='ltr'><strong>estis.</strong></span> <span class='ocrx_word' id='word_1_292' title='bbox 2087 3541 2200 3626; x_wconf 90' lang='lat' dir='ltr'><strong>qui</strong></span> <span class='ocrx_word' id='word_1_293' title='bbox 2242 3558 2306 3606; x_wconf 90' lang='lat'><strong>10</strong></span> 
     </span>
    </p>
   </div>
   <div class='ocr_carea' id='block_1_5' title="bbox 1774 3646 1851 3699">
    <p class='ocr_par' dir='ltr' id='par_1_7' title="bbox 1774 3646 1851 3699">
     <span class='ocr_line' id='line_1_39' title="bbox 1774 3646 1851 3699; baseline 0 -19"><span class='ocrx_word' id='word_1_294' title='bbox 1774 3646 1851 3699; x_wconf 71' lang='grc'><strong>9*</strong></span> 
     </span>
    </p>
   </div>
  </div>
 </body>
</html>
