2650 4059
686 238 983 296 BELLUM
1018 241 1410 298 CATILINAE
1447 261 1491 299 c.
1532 250 1757 301 31—35.
1897 261 1901 278 ⁸
2151 246 2232 313 19

211 391 438 451 torum
464 386 756 469 plerique
782 387 1033 470 patriae
1063 387 1251 470 801118,
1279 409 1501 452 010008
1531 388 1706 453 fama
1732 394 1927 473 atque
1950 391 2230 457 fortunis

214 476 513 557 expertes
561 495 801 537 sumus.
881 495 1088 557 neque
1136 475 1438 558 cuiquam
1480 480 1781 542 nostrum
1824 478 2010 543 licuit
2050 503 2230 545 more

213 562 538 626 maiorum
565 562 709 646 lege
737 561 836 624 uti
862 583 1069 645 neque
1099 563 1338 627 amisso
1366 564 1760 647 patrimonio
1789 565 2067 631 liberum
2094 589 2231 633 cor-

210 671 337 733 pus
365 649 631 713 habere:
669 653 856 713 tanta
882 650 1153 713 saevitia
1178 650 1658 716 faeneratorum
1686 657 1881 736 atque
1908 656 2229 738 praetoris

211 738 361 801 fuit.
427 758 628 837 saepe
654 738 931 801 01010108
969 741 1281 821 vostrum,
1316 739 1596 803 miseriti
1631 740 1841 825 plebis
1878 741 2227 827 Romanae,
2265 760 2296 806 2

213 825 494 890 decretis
532 824 666 888 suis
702 825 958 908 inopiae
996 825 1133 888 eius
1180 789 1485 909 opitulati
1531 831 1700 912 sunt,
1747 850 1822 893 ac
1856 831 2226 895 novissume

212 912 530 977 memoria
571 916 801 976 nostra
825 917 1095 997 propter
1130 914 1644 998 magnitudinem
1681 917 1849 980 aeris
1891 917 2085 982 alieni
2121 942 2227 984 vo·

210 1000 500 1065 lentibus
522 1000 821 1065 omnibus
841 1001 1031 1065 bonis
1051 1005 1397 1086 argentum
1417 1024 1563 1067 aere
1583 1003 1871 1068 solutum
1890 1010 2007 1069 est.
2036 1028 2225 1091 saepe
2263 1024 2295 1071 3

210 1089 360 1172 ipsa
386 1088 601 1171 plebs,
647 1092 761 1151 aut
803 1087 1175 1152 dominandi
1212 1089 1428 1153 studio
1455 1096 1754 1173 permota
1782 1097 1896 1156 aut
1924 1094 2226 1177 8011011110

210 1176 736 1260 magistratuum,
782 1180 1034 1240 armata
1069 1198 1109 1239 a
1142 1177 1439 1259 patribus
1478 1179 1761 1242 secessit.
1826 1184 1895 1243 at
1928 1203 2049 1245 nos
2093 1203 2226 1246 non
2264 1198 2296 1245 4

209 1263 559 1347 imperium
591 1284 799 1346 neque
837 1264 1096 1328 divitias
1135 1264 1437 1348 1101111008,
1476 1286 1747 1348 quarum
1784 1289 1999 1332 rerum
2032 1291 2226 1334 causa

209 1351 388 1415 bella
432 1354 627 1434 atque
674 1351 1029 1416 certamina
1076 1352 1292 1415 omnia
1336 1352 1507 1416 inter
1552 1353 1848 1417 mortalis
1896 1360 2065 1440 sunt,
2113 1359 2226 1421 sed

208 1439 612 1522 libertatem,
658 1460 854 1522 quam
896 1460 1086 1504 nemo
1132 1439 1342 1503 bonus
1387 1440 1517 1504 nisi
1562 1462 1708 1505 cum
1759 1442 1975 1505 anima
2030 1444 2224 1507 811001

212 1527 481 1591 amittit.
589 1530 654 1590 te
719 1531 913 1610 atque
987 1531 1285 1592 senatum
1359 1528 1794 1612 obtestamur,
1868 1531 2221 1595 consulatis
2261 1547 2293 1595 5

211 1614 469 1679 miseris
515 1614 781 1699 civibus,
825 1615 991 1700 legis
1027 1615 1440 1699 praesidium,
1486 1616 1659 1699 quod
1694 1615 2006 1700 imquitas
2044 1640 2223 1702 prae-

209 1702 375 1767 toris
405 1702 661 1786 eripuit,
696 1702 1080 1787 restituatis,
1106 1724 1265 1767 neve
1290 1703 1483 1767 nobis
1514 1725 1657 1767 eam
1681 1705 2224 1771 necessitudinem

210 1790 561 1874 inponatis,
605 1794 682 1854 ut
728 1812 1138 1874 quaeramus,
1184 1811 1466 1873 quonam
1512 1793 1703 1856 modo
1750 1813 2047 1858 maxume
2094 1795 2221 1858 ulti

207 1877 593 1963 sanguinem
635 1882 934 1943 nostrum
978 1900 1333 1962 pereamus.
1336 1876 1356 1905 '

342 1965 450 2029 Ad
500 1965 661 2030 haec
718 1964 792 2042 Q.
838 1965 1119 2030 Marcius
1164 1966 1516 2050 respondit,
1561 1967 1619 2031 81
1665 1967 1819 2051 quid
1865 1970 1947 2033 ab
1994 1973 2222 2034 senatu
2242 1971 2328 2034 34

206 2057 432 2138 petere
478 2052 744 2138 vellent,
789 2054 870 2117 ab
919 2054 1117 2117 armis
1163 2054 1523 2137 discedant,
1568 2054 1846 2119 Romam
1897 2058 2220 2141 supplices

206 2140 730 2225 proficiscantur.
776 2163 852 2206 ea
895 2142 1385 2205 mansuetudine
1422 2145 1615 2225 atque
1652 2143 2093 2209 misericordia
2130 2168 2223 2210 se·

205 2232 441 2293 natum
474 2229 698 2312 populi
727 2228 1005 2293 Romani
1042 2250 1295 2313 semper
1331 2229 1548 2312 fuisse,
1583 2233 1660 2293 ut
1692 2252 1884 2295 nemo
1911 2253 2221 2316 umquam

209 2317 294 2380 ab
344 2337 419 2380 eo
464 2315 710 2380 frustra
755 2317 1065 2381 auxilium
1109 2317 1431 2401 petiverit.

342 2404 438 2468 At
475 2402 756 2468 Catilina
791 2426 869 2468 ex
905 2405 1136 2468 itinere
1171 2404 1498 2487 plerisque
1536 2405 1997 2490 consularibuS,
2042 2428 2220 2490 prae-
2257 2423 2289 2468 2

208 2496 392 2556 terea
447 2494 713 2576 optumo
769 2491 997 2575 cuique
1050 2492 1306 2557 litteras
1361 2491 1597 2554 mittit.
1657 2513 1725 2555 se
1781 2491 1968 2556 falsis
2012 2494 2221 2557 crimi-

206 2580 402 2644 nibus
450 2580 973 2663 circumventum,
1019 2579 1323 2663 quoniam
1364 2578 1689 2644 factioni
1671 2579 2081 2644 mimicorum
2125 2603 2220 2645 re-

210 2668 443 2731 sistere
470 2667 848 2751 nequiverit,
874 2666 1173 2731 fortunae
1202 2667 1442 2751 cedere,
1469 2665 1875 2731 Massiliam
1857 2690 1926 2731 111
1954 2668 2218 2733 exilium

208 2754 562 2839 proficisci,
612 2777 747 2819 non
792 2776 920 2837 quo
975 2755 1101 2818 sibi
1156 2754 1326 2818 tanti
1383 2754 1642 2819 sceleris
1689 2756 1983 2820 conscius
2031 2761 2219 2840 esset,

211 2844 325 2908 sed
369 2841 469 2906 uti
514 2864 617 2906 res
660 2841 923 2925 publica
968 2842 1189 2925 quieta
1239 2842 1412 2907 foret
1463 2864 1623 2907 neve
1679 2864 1756 2906 ex
1802 2865 1919 2907 sua
1964 2849 2220 2909 conten-

211 2930 389 2994 tione
436 2929 668 2993 seditio
715 2934 1020 2994 oreretur.
1111 2930 1191 2993 ab
1236 2930 1341 2994 his
1385 2929 1579 3014 longe
1627 2930 1915 2994 divorsas
1962 2932 2218 2995 litteras
2257 2948 2287 2994 3

176 3043 189 3050 “
214 3017 287 3093 Q.
336 3014 607 3081 Catulus
653 3017 722 3080 in
767 3022 994 3081 senatu
1038 3017 1363 3100 recitavit,
1418 3037 1579 3099 quas
1626 3017 1753 3080 sibi
1796 3018 2057 3082 nomine
2104 3017 2220 3081 Ca-

212 3105 438 3169 tilinae
484 3104 769 3168 redditas
816 3105 1088 3170 dicebat.
1147 3127 1369 3169 earum
1406 3103 1770 3187 exemplum
1804 3103 1977 3167 infra
2021 3105 2217 3187 scrip·

212 3197 355 3257 tum
402 3196 520 3256 est.

208 3291 217 3297 ‘
344 3278 440 3345 ‘.L
487 3278 770 3344 Catilina
816 3279 889 3355 Q.
928 3278 1178 3344 Catulo.
1222 3279 1529 3381 Egregia
1587 3282 1703 3342 tua
1763 3277 1940 3360 fides,
2003 3298 2072 3341 10
2120 3300 2219 3341 co·
2238 3277 2324 3342 35

213 3368 422 3452 gnita,
478 3370 669 3451 grata
712 3367 872 3431 mihi
917 3368 1171 3452 magnis
1215 3368 1285 3431 in
1330 3367 1491 3431 meis
1536 3365 1867 3449 periculis,
1919 3365 2221 3429 fiduciam

213 3454 754 3519 commendationi
818 3476 996 3518 meae
1059 3455 1307 3518 tribuit.
1405 3475 1602 3536 quam
1669 3453 1753 3517 ob
1817 3474 1955 3515 rem
2010 3451 2217 3515 defen·
2255 3468 2287 3514 2

214 3542 461 3607 81000111
514 3541 585 3605 in
634 3563 803 3606 novo
860 3542 1128 3607 consilio
1181 3564 1315 3606 non
1371 3541 1574 3604 statui
1618 3562 1874 3623 110101οε
1930 3538 2219 3603 satisfac-

1827 3642 1898 3697 ²8
