2650 4059
604 245 898 300 BELLUM
934 244 1451 300 IUGURTfflNUM
1489 263 1534 300 0.
1567 252 1791 302 10—13.
2123 247 2211 310 49

176 390 529 472 pecuniam
575 390 1107 455 distribuendam.
1199 391 1411 476 reguli
1464 390 1715 454 interea
1767 391 1837 455 in
1878 391 2026 455 loca
2067 414 2214 475 pro-

178 478 432 577 pinqua
479 478 804 543 thesauris
853 479 1019 543 alius
1067 478 1197 542 alio
1245 500 1636 543 concessere.
1722 480 1834 543 sed
1869 478 2211 564 Hiempsal
2249 496 2280 543 3

180 568 254 632 in
306 566 551 649 oppido
608 566 946 630 Thirmida
1007 566 1178 631 forte
1242 566 1381 631 eius
1448 567 1642 632 domo
1701 567 2036 651 utebatur,
2100 568 2212 650 qui

181 673 544 736 proxumus
580 654 777 719 lictor
802 653 1162 740 Iugurthae
1192 676 1379 719 carus
1410 658 1841 738 acceptusque
1871 655 1930 719 ei
1958 677 2213 756 semper

184 739 418 806 fuerat.
513 763 705 825 quem
751 742 861 807 ille
909 764 1063 807 casu
1108 743 1484 807 ministrum
1531 744 1825 807 oblatum
1870 744 2209 827 promissis

185 835 418 894 onerat
463 830 879 914 inpellitque,
924 831 1025 894 uti
1072 834 1408 914 tamquam
1456 853 1642 895 suam
1686 831 1901 897 visens
1948 832 2212 896 domum

186 922 316 1000 eat,
362 924 704 1000 portarum
751 919 951 983 clavis
998 919 1398 983 adulterinas
1444 924 1632 1004 paret
1680 917 1859 1005 (nam
1903 941 2093 984 verae
2130 920 2213 984 ad

183 1005 635 1089 Hiempsalem
663 1004 1166 1092 referebantur):
1198 1010 1503 1090 ceterum,
1538 1007 1652 1072 ubi
1688 1030 1792 1072 res
1829 1007 2212 1092 postularet,

188 1116 258 1157 se
307 1095 523 1176 ipsum
571 1117 719 1159 cum
764 1116 1004 1180 magna
1048 1117 1244 1159 manu
1289 1099 1652 1160 venturum.
1715 1096 2001 1161 Numida
2037 1118 2211 1160 man—
2246 1110 2281 1158 4

189 1183 346 1245 data
384 1183 566 1246 brevi
596 1184 860 1247 conficit
889 1188 1103 1268 atque,
1148 1184 1247 1247 uti
1286 1185 1516 1248 doctus
1554 1188 1713 1267 erat,
1756 1188 1958 1248 noctu
1985 1183 2212 1270 Iugur-

189 1270 345 1333 thae
391 1272 638 1334 milites
685 1271 1059 1336 introducit.
1152 1272 1262 1354 qui
1307 1275 1659 1356 postquam
1703 1272 1774 1335 in
1819 1273 1995 1336 aedis
2041 1273 2211 1337 inru-

185 1379 366 1441 pere,
421 1359 665 1424 divorsi
710 1381 931 1444 regem
977 1381 1309 1443 quaerere,
1367 1360 1751 1423 dormientis
1817 1360 1980 1424 alios
2047 1288 2281 1424 alios5

189 1447 598 1511 occursantis
664 1446 1061 1532 interficere,
1126 1448 1406 1512 scrutari
1471 1448 1615 1513 loca
1678 1447 1926 1531 abdita,
1992 1448 2212 1512 clausa

187 1534 561 1620 effringere,
627 1537 909 1619 strepitu
965 1540 1032 1600 et
1086 1537 1376 1599 tumultu
1434 1535 1652 1600 omnia
1705 1535 2004 1618 miscere,
2043 1540 2211 1599 ‘cum

184 1623 453 1689 interim
497 1622 837 1707 Hiempsal
882 1624 1203 1708 reperitur
1262 1624 1595 1688 occultans
1651 1646 1721 1688 se
1767 1624 2030 1709 tugurio
2076 1646 2212 1687 mu-

187 1710 369 1774 lieris
417 1711 708 1795 ancillae,
756 1733 884 1794 quo
929 1712 1120 1776 initio
1166 1712 1440 1796 pavidus
1487 1716 1555 1776 et
1598 1712 1865 1797 ignarus
1902 1712 2031 1777 loci
2072 1735 2212 1796 per-

186 1798 468 1882 fugerat.
541 1798 862 1863 Numidae
894 1803 1090 1884 caput
1118 1800 1274 1884 eius,
1317 1800 1419 1864 uti
1446 1799 1609 1864 iussi
1638 1804 1840 1883 erant,
1877 1801 1959 1864 ad
1985 1799 2211 1885 Iugur·
2248 1816 2280 1863 0

185 1887 375 1950 tham
420 1886 726 1951 referunt.

326 1973 629 2039 Ceterum
674 1975 849 2039 fama
893 1975 1065 2039 tanti
1110 1974 1417 2040 facinoris
1462 1998 1579 2061 per
1617 1998 1875 2042 omnem
1911 1976 2205 2042 Africam
2230 1976 2314 2041 13

187 2063 375 2127 brevi
419 2062 808 2148 divolgatur.
882 2062 1321 2128 Adherbalem
1369 2065 1725 2148 omnisque,
1773 2065 1883 2148 qui
1929 2066 2049 2129 sub
2095 2066 2212 2129 im-

187 2150 374 2234 perio
420 2149 734 2235 Micipsae
779 2151 1056 2234 fuerant,
1102 2156 1315 2216 metus
1361 2153 1627 2217 invadit.
1689 2154 1760 2216 in
1796 2154 1955 2217 duas
2000 2154 2208 2236 partis

189 2239 532 2303 discedunt
576 2238 926 2304 Numidae:
970 2240 1189 2323 plures
1235 2239 1675 2305 Adherbalem
1721 2245 2052 2324 secuntur,
2098 2241 2210 2304 sed

188 2326 380 2391 illum
427 2326 707 2391 alterum
765 2328 940 2392 bello
988 2329 1306 2392 meliores,
1397 2328 1603 2409 igitur
1648 2328 1970 2412 Iugurtha
2016 2350 2211 2410 quam
2248 2343 2279 2390 2

190 2436 530 2478 maxumas
576 2419 797 2498 potest
844 2416 1063 2499 copias
1111 2419 1351 2499 armat,
1405 2416 1585 2480 urbis
1632 2416 1875 2499 partim
1928 2415 1994 2479 vi
2048 2416 2208 2479 alias

189 2503 530 2567 voluntate
576 2503 850 2587 imperio
896 2525 1014 2568 suo
1052 2503 1367 2588 adiungit,
1414 2503 1589 2567 omni
1627 2501 1974 2567 Numidiae
2012 2503 2210 2585 impe-

190 2612 336 2655 rare
363 2594 571 2674 parat.
635 2591 966 2655 Adherbal
1004 2592 1270 2656 tametsi
1297 2590 1576 2656 Romam
1622 2592 1878 2676 legatos
1923 2591 2210 2675 miserat,
2247 2607 2279 2654 3

191 2679 304 2763 qui
352 2682 650 2742 senatum
688 2680 992 2744 docerent
1026 2680 1102 2744 de
1141 2679 1332 2744 caede
1369 2678 1594 2743 fratris
1632 2684 1699 2743 et
1734 2679 2017 2744 fortunis
2056 2680 2210 2764 81118,

190 2772 416 2831 tamen
457 2765 665 2830 fretus
712 2768 1126 2832 multitudine
1172 2768 1459 2831 militum
1504 2769 1782 2852 parabat
1829 2769 2026 2832 armis
2066 2790 2209 2833 con-

190 2854 472 2919 tendere.
563 2856 675 2919 sed
738 2856 851 2919 ubi
906 2877 1009 2919 res
1066 2855 1176 2919 ad·
1202 2859 1533 2920 certamen
1593 2857 1799 2938 venit,
1863 2856 2075 2921 victus
2130 2879 2208 2920 ex
2245 2871 2277 2918 4

188 2943 440 3027 proelio
486 2942 783 3027 profugit
825 2945 893 3008 in
932 2944 1334 3027 provinciam
1371 2965 1446 3007 ac
1482 2943 1709 3007 deinde
1747 2906 2026 3008 Romam
2064 2967 2208 3008 con-

189 3030 420 3095 tendit.
529 3035 671 3096 tum
734 3030 1057 3117 Iugurtha
1118 3031 1399 3114 patratis
1465 3031 1785 3114 0011811118,
1858 3036 2276 3115 postquam5

192 3118 372 3183 omni
417 3116 729 3183 Numidia
772 3119 1173 3203 potiebatur,
1226 3120 1297 3182 in
1345 3118 1480 3182 otio
1526 3117 1777 3181 facinus
1827 3140 2014 3182 suum
2062 3141 2208 3182 cum

189 3208 409 3271 animo
455 3211 763 3308 reputans
810 3208 1040 3272 timere
1093 3207 1410 3291 populum
1445 3205 1813 3270 Romanum
1856 3227 2066 3288 neque
2103 3207 2209 3270 ad-

188 3316 420 3361 vorsus
474 3295 641 3358 iram
696 3295 832 3361 eius
888 3317 1165 3379 usquam
1216 3294 1349 3358 11181
1402 3294 1472 3357 111
1518 3293 1793 3357 avaritia
1836 3293 2205 3359 nobilitatis

189 3387 257 3448 et
293 3383 568 3468 pecunia
604 3404 723 3447 sua
758 3406 939 3467 spem
974 3383 1231 3447 habere.
1294 3383 1517 3465 itaque
1545 3383 1768 3466 paucis
1806 3382 2031 3446 diebus
2061 3404 2207 3446 011111
2244 3399 2276 3445 6

189 3491 348 3536 auro
413 3475 481 3534 et
536 3475 809 3555 argento
864 3473 1074 3536 multo
1122 3469 1401 3535 Romam
1446 3471 1701 3555 legatos
1757 3470 1993 3553 mittit,
2060 3470 2204 3554 quis

189 3559 547 3646 praecepit,
599 3560 883 3642 primum
936 3560 1037 3624 uti
1082 3562 1333 3623 veteres
1389 3558 1633 3624 amicos
1680 3559 2055 3624 muneribus
2104 3580 2206 3623 ex-

296 3671 328 3713 S
332 3682 602 3713 ttttttttt
1888 3669 1923 3716 4
