2650 4059
444 234 571 300 106
1092 232 1149 288 Ο.
1189 231 1532 288 SALLUSTI
1567 230 1795 287 CRISPI

372 397 404 444 3
443 379 670 444 eodem
714 380 1077 442 venturum.
1138 377 1229 441 sic
1267 377 1528 460 incepto
1575 397 1693 441 suo
1740 376 2066 441 occultato
2110 375 2334 463 pergit
2378 377 2459 442 ad

336 471 419 533 91
443 467 685 531 flumen
720 465 984 530 Tanain.
1049 469 1337 529 ceterum
1380 465 1451 529 in
1493 464 1728 529 itinere
1774 463 2010 529 cotidie
2049 486 2248 547 pecus
2287 486 2460 529 exer·

444 554 605 620 citui
649 576 764 638 per
810 552 1161 637 centurias,
1205 553 1367 617 item
1411 556 1661 617 turmas
1716 552 2074 637 aequaliter
2116 552 2459 617 distribue-

444 646 550 707 rat
596 646 681 726 et,
727 663 806 706 ex
842 641 1036 706 coriis
1080 644 1260 705 utres
1305 640 1407 704 uti
1442 641 1691 724 fierent,
1737 640 2034 725 curabat3
2080 639 2277 704 simul
2324 640 2459 705 ino-

442 731 620 815 piam
662 729 976 794 frumenti
1019 728 1221 793 lenire
1266 731 1336 792 et
1378 728 1624 814 ignaris
1663 729 1963 793 omnibus
2015 749 2248 812 parare
2297 750 2459 811 quae

443 840 597 883 mox
639 818 788 882 usui
832 816 1067 881 forent.
1157 816 1431 899 denique
1478 820 1662 881 sexto
1708 816 1837 899 die,
1897 837 2046 881 cum
2091 816 2172 880 ad
2218 815 2461 881 flumen

376 924 408 972 2
445 910 712 971 ventum
760 909 888 989 est,
947 926 1249 968 maxuma
1303 904 1403 969 vis
1456 905 1703 969 utrium
1752 904 1995 969 effecta
2085 903 2181 968 ibi
2228 905 2458 968 castris

444 994 572 1058 levi
611 993 1014 1057 munimento
1050 992 1285 1076 positis
1314 992 1559 1057 milites
1598 992 1816 1056 cibum
1854 1013 2081 1076 capere
2115 995 2335 1075 atque,
2361 992 2459 1056 uti

447 1081 641 1145 simul
670 1103 817 1145 cum
846 1101 1078 1145 occasu
1106 1080 1265 1144 solis
1292 1080 1770 1166 egrederentur,
1795 1083 2061 1164 paratos
2089 1101 2233 1144 esse
2262 1080 2477 1164 iubet,

446 1169 747 1234 omnibus
786 1168 1056 1233 sarcinis
1095 1168 1368 1233 abiectis
1406 1188 1575 1252 aqua
1609 1168 1801 1232 modo
1840 1189 2036 1251 seque
2074 1171 2143 1232 et
2168 1168 2462 1233 iumenta

375 1277 407 1325 3
447 1278 731 1322 onerare.
812 1256 963 1321 dein
1007 1260 1359 1340 postquam
1403 1260 1660 1339 tempus
1707 1256 1945 1340 visum,
2001 1256 2237 1321 castris
2287 1277 2462 1342 egre-

448 1346 650 1428 ditur,
695 1348 1081 1427 noctemque
1135 1348 1349 1408 totam
1399 1344 1632 1409 itinere
1685 1343 1860 1409 facto
1917 1344 2239 1429 consedit3
2292 1345 2462 1409 idem

442 1456 758 1518 proxuma
794 1432 983 1516 facit3
1028 1432 1177 1496 dein
1220 1431 1422 1495 tertia
1465 1433 1675 1496 multo
1721 1435 1875 1496 ante
1909 1431 2074 1497 lucis
2111 1431 2462 1497 adventum

442 1522 739 1606 pervenit
782 1521 853 1585 in
896 1520 1111 1585 locum
1157 1520 1558 1584 tumulosum
1615 1520 1696 1584 ab
1745 1518 1957 1603 Capsa
1999 1541 2135 1584 non
2178 1520 2460 1603 amplius

444 1610 642 1674 duum
704 1609 958 1672 milium
1020 1607 1393 1692 intervallo,
1464 1607 1686 1691 ibique
1751 1629 1945 1691 quam
2001 1608 2460 1673 occultissume

373 1737 409 1785 4
443 1700 668 1781 potest
721 1718 869 1760 cum
920 1695 1220 1759 omnibus
1276 1695 1481 1778 copiis
1539 1696 1889 1779 opperitur.
1978 1695 2093 1761 sed
2153 1695 2271 1760 ubi
2325 1696 2460 1760 dies

446 1785 662 1868 coepit
716 1787 783 1847 et
827 1781 1149 1847 Numidae
1202 1782 1368 1847 nihil
1412 1783 1655 1848 hostile
1700 1786 2065 1848 metuentes
2110 1784 2308 1847 multi
2353 1806 2461 1867 op-

421 1873 597 1957 'pido
645 1871 915 1957 egressi,
978 1876 1244 1955 repente
1305 1892 1565 1938 omnem
1618 1871 1983 1956 equitatum
2037 1873 2106 1935 et
2160 1894 2313 1936 cum
2368 1871 2460 1935 eis

444 1960 907 2025 velocissumos
979 1959 1231 2043 pedites
1304 1981 1499 2024 cursu
1569 1960 1831 2024 tendere
1905 1959 1985 2027 ad
2049 1957 2335 2044 Capsam
2397 1965 2461 2024 et

445 2051 671 2132 portas
729 2048 1023 2112 obsidere
1076 2048 1286 2130 iubet3
1361 2047 1587 2112 deinde
1648 2048 1789 2132 ipse
1841 2047 2134 2113 intentus
2187 2069 2460 2131 propere

377 2176 409 2224 ὅ
449 2136 634 2219 sequi
678 2157 886 2219 neque
941 2135 1185 2201 milites
1239 2135 1538 2219 praedari
1585 2136 1811 2200 sinere.
1901 2156 2065 2220 quae
2110 2140 2462 2219 postquam

449 2222 757 2309 oppidani
794 2245 1170 2310 cognovere,
1206 2245 1310 2288 res
1339 2223 1649 2307 trepidae,
1684 2227 1897 2288 metus
1929 2223 2179 2309 ingens,
2214 2224 2461 2288 malum

446 2312 876 2396 inprovisum,
931 2312 1010 2375 ad
1054 2312 1180 2376 hoc
1223 2334 1378 2395 pars
1423 2312 1663 2376 civium
1708 2315 1892 2376 extra
1936 2311 2194 2376 moenia
2236 2312 2308 2376 in
2351 2312 2459 2376 ho-

374 2444 410 2491 6
449 2400 650 2465 stium
694 2404 1024 2484 potestate
1070 2421 1359 2485 coegere,
1403 2399 1504 2464 uti
1549 2399 1943 2464 deditionem
1987 2398 2294 2463 facerent.
2369 2420 2460 2464 ce-

447 2492 661 2552 terum
700 2488 1010 2572 oppidum
1046 2488 1399 2570 incensum,
1443 2485 1764 2551 Numidae
1799 2487 2077 2570 puberes
2114 2486 2460 2569 interfecti,

378 2618 407 2665 '7
448 2577 560 2640 alii
607 2597 829 2641 omnes
874 2574 1251 2657 venundati,
1295 2575 1536 2657 praeda
1579 2574 1900 2638 militibus
1947 2574 2170 2638 divisa.
2260 2573 2331 2638 id
2373 2573 2460 2638 fa-

448 2657 635 2728 cinus
678 2666 905 2726 contra
949 2662 1052 2723 ius
1098 2660 1257 2725 belli
1299 2683 1435 2726 non
1479 2662 1755 2727 avaritia
1790 2683 1998 2745 neque
2038 2662 2280 2726 scelere
2319 2684 2461 2727 con·

448 2750 608 2814 sulis
656 2749 1028 2830 admissum,
1074 2747 1186 2811 sed
1233 2749 1386 2831 quia
1421 2749 1603 2814 locus
1640 2749 1998 2834 Iugurthae
2036 2753 2460 2833 opportunus,

446 2836 638 2900 nobis
684 2836 865 2900 aditu
910 2835 1213 2919 difficilis,
1258 2858 1463 2922 genus
1507 2837 1848 2902 hominum
1892 2838 2136 2903 mobile
2171 2837 2461 2923 infidum,

450 2928 602 2988 ante
646 2944 855 3007 neque
901 2923 1201 2988 benificio
1247 2946 1457 3008 neque
1503 2929 1683 2989 metu
1729 2925 2099 2990 coercitum.

339 3038 428 3103 92
589 3010 950 3095 Postquam
1004 3016 1259 3076 tantam
1319 3034 1458 3077 rem
1520 3013 1775 3099 peregit
1837 3012 2084 3077 Marius
2133 3013 2272 3079 sine
2330 3015 2461 3078 ullo

449 3122 715 3165 suorum
767 3099 1206 3183 incommodo,
1259 3121 1536 3186 magnus
1593 3104 1660 3165 et
1714 3101 1926 3166 clarus
1974 3104 2199 3185 antea,
2253 3103 2463 3167 maior

377 3231 409 3281 2
449 3192 645 3272 atque
692 3187 928 3253 clarior
972 3188 1198 3252 haberi
1246 3189 1478 3272 coepit.
1544 3188 1761 3253 omnia
1794 3210 1928 3253 non
1962 3189 2127 3253 bene
2164 3191 2466 3254 consulta

446 3277 518 3340 in
552 3276 864 3340 virtutem
900 3275 1354 3361 trahebantur3
1399 3276 1661 3360 militeS,
1706 3278 2002 3342 modesto
2038 3277 2316 3360 imperio
2357 3277 2466 3358 ha-

447 3363 574 3429 biti
628 3364 822 3428 simul
878 3367 946 3427 et
999 3363 1356 3447 locupletes
1366 3414 1383 3447 ,
1448 3364 1529 3428 ad
1588 3364 1838 3430 caelum
1882 3365 2078 3450 ferre,
2140 3364 2466 3430 Numidae

449 3451 658 3535 magis
707 3473 904 3534 quam
949 3452 1292 3516 mortalem
1342 3451 1599 3536 timere3
1641 3456 1975 3535 postremo
2015 3474 2258 3537 omnes,
2305 3455 2468 3520 socii

448 3543 645 3621 atque
689 3538 941 3622 hostes,
1005 3539 1262 3604 credere
1325 3539 1424 3602 illi
1472 3544 1586 3604 aut
1639 3544 1926 3604 mentem
1981 3539 2268 3605 divinam
2324 3565 2469 3608 esse
2598 3525 2599 3604 i
