2650 4059
596 248 890 305 BELLUM
925 248 1442 305 IUGURTHINUM
1478 268 1524 305 c.
1553 256 1780 308 55-58
2117 251 2203 316 83

172 394 445 459 idoneae
492 394 590 458 rei
634 414 859 479 egens,
916 394 1114 459 armis
1167 395 1453 480 virisque
1509 396 1904 480 opulentum.
1994 396 2200 482 igitur
2236 411 2268 459 2

173 481 488 548 Metellus
534 504 654 566 pro
698 486 992 582 tempore
1040 486 1233 567 atque
1270 483 1417 547 loco
1452 484 1702 568 paratis
1738 484 1932 548 rebus
1970 488 2202 550 cuncta

175 570 438 635 moenia
475 569 760 635 exercitu
800 570 1239 654 circumvenit,
1275 570 1513 656 legatis
1550 571 1847 656 imperat,
1882 572 1997 636 ubi
2029 572 2200 656 quis-

176 679 305 741 que
353 663 625 724 curaret.
697 658 925 722 deinde
962 658 1150 744 signo
1197 621 1351 723 dato
1397 659 1678 743 undique
1724 659 1919 724 simul
1956 660 2201 724 clamor
2236 674 2267 721 3

175 747 412 832 ingens
460 746 695 830 oritur,
755 767 965 830 neque
1019 766 1097 810 ea
1141 767 1245 811 res
1291 745 1611 811 Numidas
1668 750 1898 812 terret·
1960 747 2198 811 infensi

174 834 546 918 intentique
600 833 737 898 sine
796 833 1086 898 tumultu
1141 839 1434 918 manent,
1496 835 1817 919 proelium
1870 835 2196 918 incipitur.

174 921 461 987 Romani
505 943 624 1006 pro
669 921 932 1007 ingenio
979 921 1251 1005 quisque
1304 944 1459 1006 pars
1505 923 1756 987 eminus
1802 922 2036 1008 glande
2082 926 2197 987 aut
2235 936 2269 983 4

173 1009 512 1094 lapidibus
542 1029 853 1094 pugnare,
897 1008 1014 1074 alii
1046 1010 1387 1074 succedere
1424 1031 1499 1075 ac
1537 1032 1794 1075 murum
1828 1011 2021 1075 modo
2050 1011 2196 1075 sub-

176 1098 399 1163 fodere
463 1097 653 1162 modo
700 1096 892 1162 scalis
948 1097 1246 1183 aggredi,
1300 1119 1534 1182 cupere
1588 1098 1910 1182 proelium
1951 1098 2023 1162 in
2066 1120 2196 1163 ma—

174 1186 375 1251 nibus
421 1184 649 1250 facere.
740 1188 969 1249 contra
1022 1206 1099 1249 ea
1152 1185 1460 1270 oppidani
1513 1186 1583 1251 in
1635 1208 1985 1270 proxumos
2041 1208 2197 1251 saxa
2233 1205 2265 1252 5

175 1274 458 1356 volvere,
505 1272 681 1337 sudis
718 1273 883 1357 pila,
926 1276 1264 1357 praeterea
1306 1273 1518 1356 picem
1555 1273 1863 1357 sulphure
1903 1278 1971 1338 et
2006 1274 2198 1339 taeda

176 1362 457 1427 mixtam
521 1353 808 1443 ardent(
837 1360 1115 1425 mittere.
1216 1361 1326 1426 sed
1379 1381 1462 1424 ne
1518 1360 1670 1425 illos
1735 1360 2022 1445 quidem,
2085 1362 2200 1446 qui
2234 1379 2267 1428 6

175 1448 407 1535 procul
452 1452 850 1532 manserant,
895 1448 1093 1514 timor
1137 1448 1338 1512 animi
1384 1448 1545 1513 satis
1591 1449 1981 1532 muniverat3
2032 1469 2187 1513 nam

177 1538 551 1622 plerosque
579 1535 792 1601 iacula
845 1536 1189 1600 tormentis
1254 1541 1370 1600 aut
1433 1557 1628 1600 manu
1692 1536 1930 1601 emissa
1981 1535 2196 1600 volne-

177 1626 445 1708 rabant,
497 1624 765 1711 parique
811 1624 1098 1713 periculo
1156 1624 1268 1728 sed
1320 1623 1499 1687 fama
1541 1623 1751 1709 inpari
1798 1623 1956 1689 boni
2001 1627 2197 1708 atque
2168 1562 2648 1842 ymas?

179 1715 206 1778 i
338 1712 404 1777 vi
440 1715 642 1777 erant.

208 1735 491 1865 gnaDum
525 1800 695 1884 apud
732 1799 997 1864 Zamam
1031 1799 1128 1864 sic
1163 1803 1477 1885 certatur,
1513 1798 1836 1886 Iugurtha
1870 1822 1949 1865 ex
1985 1800 2197 1884 inpro·
2217 1801 2301 1868 58

178 1890 325 1953 viso
389 1892 606 1953 castra
655 1887 949 1952 hostium
1012 1909 1160 1951 cum
1222 1908 1463 1974 magna
1516 1909 1712 1953 manu
1764 1888 2040 1972 invadit3
2104 1909 2198 1953 re-

182 1976 404 2042 missis
460 1975 573 2060 qui
635 1975 705 2039 in
747 1974 1069 2061 praesidio
1115 1980 1301 2040 erant
1356 1980 1424 2041 et
1479 1976 1697 2042 omnia
1740 1976 1952 2061 magis
1998 1998 2193 2061 quam

180 2064 503 2150 proelium
566 2062 1059 2147 expectantibus
1122 2066 1383 2147 portam
1444 2064 1778 2149 inrumpit.
1869 2068 1940 2128 at
1982 2064 2192 2129 nostri
2233 2082 2265 2130 2

180 2151 523 2237 repentino
560 2155 741 2215 metu
775 2150 1056 2235 perculsi
1094 2150 1221 2215 sibi
1256 2151 1531 2236 quisque
1567 2174 1686 2237 pro
1725 2151 2014 2217 moribus
2052 2173 2198 2217 con-

183 2240 436 2306 sulunt:
481 2239 593 2303 alii
628 2237 872 2323 fugere,
917 2238 1028 2303 alii
1076 2260 1256 2303 arma
1301 2260 1552 2324 capere;
1601 2259 1838 2324 magna
1875 2261 2028 2322 pars
2064 2240 2197 2304 vol-

175 2327 396 2397 nerati
441 2331 557 2391 aut
602 2327 816 2391 occisi.
906 2331 1195 2392 ceterum
1249 2348 1327 2391 ex
1376 2327 1550 2391 omni
1606 2326 2022 2391 multitudine
2066 2348 2199 2391 non
2235 2347 2265 2393 3

183 2414 938 2586 ffifflssssffldssfissssff
938 2435 1392 2587 10323503323
1394 2436 1593 2566 ⁰33³?
1590 2413 1954 2585 {affl-2²33
1989 2434 2198 2587 {5352

182 2592 334 2657 inde
389 2611 691 2655 maxuma
742 2590 808 2653 vi
861 2590 1097 2674 depelli
1152 2590 1523 2675 quiverunt,
1586 2590 1698 2656 sed
1756 2590 1890 2654 tela
1947 2588 2197 2654 eminus

185 2680 389 2745 missa
423 2678 774 2762 remittere,
811 2678 1001 2761 pauci
1037 2678 1107 2742 in
1141 2677 1438 2763 pluribus
1476 2678 1691 2744 minus
1727 2678 2058 2763 frustrari3
2094 2678 2199 2744 sin

184 2766 507 2833 Numidae
543 2766 811 2850 propius
849 2765 1297 2850 adcessissent,
1333 2766 1427 2831 ibi
1454 2788 1607 2831 vero
1635 2766 1947 2832 virtutem
1985 2770 2197 2831 osten-

185 2856 336 2920 dere
382 2858 451 2918 et
486 2875 596 2918 eos
633 2874 937 2918 maxuma
978 2854 1042 2918 vi
1082 2853 1363 2938 caedere,
1406 2853 1674 2919 fundere
1719 2859 1914 2939 atque
1949 2854 2195 2941 fugare.

183 2942 451 3008 interim
476 2940 781 3006 Metellus
818 2962 966 3006 cum
1004 2963 1332 3006 acerrume
1370 2963 1508 3005 rem
1539 2946 1813 3027 gereret,
1850 2941 2196 3007 clamorem
2234 2959 2268 3006 4

183 3035 262 3096 ut
306 3029 664 3094 tumultum
707 3028 1017 3094 hostilem
1062 3050 1103 3092 a
1144 3033 1333 3114 tergo
1373 3030 1651 3113 accepit,
1696 3029 1845 3094 dein
1882 3050 2196 3094 convorso

183 3116 1115 3289 ῗέἓῑίαἷῖιωζὲζὲἷὲὶξεῗξὲῗ
1152 3115 2197 3289 ῗξῑὲιῗὲξῗιῗέῖιέἑᾚίῗωᾟ
2234 3221 2268 3268 ⁶

186 3298 403 3358 castra
445 3314 718 3378 propere
764 3292 946 3358 misit
990 3314 1066 3358 ac
1110 3292 1339 3357 statim
1377 3289 1446 3358 C.
1472 3290 1754 3357 Marium
1791 3313 1938 3356 cum
1975 3291 2197 3357 cohor·

184 3381 365 3446 tibus
413 3380 754 3463 sociorum,
800 3401 1074 3464 eumque
1112 3379 1477 3445 lacrumans
1515 3402 1632 3465 per
1668 3379 2025 3446 amicitiam
2060 3400 2201 3463 per-

185 3490 310 3554 que
363 3490 504 3538 rem
562 3467 891 3552 publicam
954 3468 1280 3551 obsecrat,
1343 3489 1424 3532 ne
1482 3489 1676 3551 quam
1740 3466 2200 3533 contumeliam

181 3572 515 3623 remanere
560 3555 630 3620 in
676 3555 960 3620 exercitu
1006 3555 1252 3621 victore
1290 3575 1453 3619 neve
1488 3556 1701 3621 hostis
1738 3555 1982 3621 inultos
2021 3554 2200 3619 abire

1811 3658 1885 3713 ‘8
