2650 4059
632 264 928 319 BELLUM
963 264 1484 321 IUGURTHINUM
1520 284 1566 321 c.
1597 273 1823 323 ess-62.
1994 249 2000 258 ‘
2157 268 2241 334 85

217 407 444 472 multu
490 408 666 493 regis
712 409 1033 493 proelium
1078 411 1301 475 visere.
1394 412 1491 475 ita
1533 411 1668 476 illis
1714 412 1932 476 studio
1981 434 2245 478 suorum
2281 432 2314 479 6

211 496 556 560 adstrictis
618 502 884 581 repente
949 518 1189 581 magna
1242 498 1307 562 vi
1373 521 1630 564 murum
1694 500 2087 585 aggreditur.
2179 506 2246 565 et

212 584 351 647 iam
397 583 594 648 scalis
632 585 879 669 egressi
916 585 1160 650 milites
1198 608 1399 687 prope
1439 609 1692 652 summa
1729 593 2052 673 ceperant,
2098 610 2244 653 cum

211 672 527 755 oppidani
568 678 977 758 concurrunt,
1015 673 1262 758 lapides
1299 675 1539 759 ignem,
1586 675 1715 739 alia
1740 681 2076 759 praeterea
2111 677 2245 740 tela

209 760 541 844 ingerunt.
647 760 862 825 nostri
924 762 1136 845 primo
1201 762 1532 846 resistere,
1597 763 1824 827 deinde
1897 763 2013 827 ubi
2077 785 2240 828 unae
2279 782 2308 829 ’1

210 851 413 930 atque
475 847 717 913 alterae
784 848 995 912 scalae
1058 850 1469 914 conminutae
1480 901 1496 934 ‚
1562 851 1672 934 qui
1729 854 2243 934 supersteterant

212 935 465 999 adflicti
510 940 691 1019 sunt,
747 937 947 1001 ceteri
1004 958 1264 1020 quoquo
1319 938 1512 1003 modo
1557 943 1854 1021 potuere,
1915 939 2105 1022 pauci
2149 939 2242 1003 in-

208 1023 387 1108 tegri
430 1044 671 1111 magna
705 1045 857 1108 pars
897 1024 1267 1090 volneribus
1307 1025 1531 1091 confec
1570 1026 1582 1038 ‘
1644 1027 1902 1091 abeunt.
1967 1026 2241 1108 denique
2279 1041 2310 1091 8

206 1111 541 1195 utrimque
586 1104 908 1195 proelium
951 1134 1081 1177 nox
1124 1112 1403 1177 diremit.
1458 1030 1606 1215 V

348 1197 657 1264 Metellus
703 1204 1057 1300 postquam
1102 1200 1279 1264 videt
1327 1201 1575 1265 frustra
1618 1202 1975 1285 inceptum,
2032 1224 2239 1285 neque
2259 1204 2341 1269 61

216 1286 532 1376 oppidum
588 1288 733 1371 capi
785 1309 995 1371 neque
1051 1286 1442 1373 Iugurtham
1496 1289 1626 1352 nisi
1681 1310 1758 1353 ex
1812 1289 2065 1353 insidiis
2128 1295 2242 1355 aut

218 1396 341 1439 suo
378 1375 524 1440 loco
561 1395 852 1461 pugnam
888 1375 1098 1440 facere
1138 1381 1205 1440 et
1239 1376 1374 1440 iam
1411 1380 1727 1440 aestatem
1760 1380 2053 1440 exactam
2082 1398 2241 1460 esse,

208 1463 297 1526 ab
346 1462 546 1526 Zama
606 1463 881 1528 discedit
936 1468 1004 1527 et
1058 1464 1128 1528 in
1182 1464 1277 1529 eis
1321 1464 1622 1547 urbibus,
1686 1485 1850 1548 quae
1897 1464 1978 1527 ad
2024 1484 2091 1527 se
2138 1464 2241 1527 de-

208 1550 504 1614 fecerant
571 1550 861 1635 satisque
919 1550 1206 1615 munitae
1261 1552 1406 1617 loco
1464 1557 1578 1616 aut
1640 1551 1980 1617 moenibus
2036 1555 2239 1635 erant,

208 1638 545 1721 praesidia
587 1639 861 1723 inponit.
955 1643 1241 1704 ceterum
1297 1640 1651 1704 exercitum
1705 1640 1776 1704 in
1818 1638 2238 1723 provinciam,
2274 1656 2306 1704 2

212 1747 381 1810 quae
417 1748 738 1809 proxuma
773 1731 876 1791 est
902 1725 1270 1811 Numidiae,
1305 1727 1634 1792 hiemandi
1672 1727 1887 1812 gratia
1924 1727 2238 1791 conlocat.

209 1835 422 1898 neque
469 1814 535 1878 id
583 1818 840 1899 tempus
887 1836 966 1879 ex
1012 1815 1289 1880 aliorum
1326 1837 1506 1880 more
1554 1815 1759 1899 quieti
1796 1819 1910 1879 aut
1946 1814 2236 1879 luxuriae
2275 1833 2307 1880 3

211 1902 527 1986 concedit,
567 1902 698 1985 sed,
727 1902 1036 1987 quoniam
1064 1903 1262 1967 armis
1289 1902 1538 1967 bellum
1562 1924 1793 1987 parum
1829 1903 2238 1987 procedebat,

207 1988 481 2054 insidias
534 1991 683 2090 ‚regi
746 2011 863 2073 per
928 1991 1173 2055 amicos
1232 1992 1497 2055 tendere
1562 1996 1628 2056 et
1692 2012 1916 2055 eorum
1968 1990 2238 2075 perfidia

213 2099 336 2161 pro
386 2077 586 2142 armis
632 2078 731 2141 uti
776 2083 983 2162 parat.
1074 2079 1280 2164 igitur
1323 2078 1786 2162 Bomilcarem,
1834 2079 1945 2161 qui
1989 2077 2236 2143 Romae
2273 2096 2307 2143 4

78 2207 84 2213 ·
208 2188 360 2231 cum
390 2164 714 2251 Iugurtha
748 2165 962 2231 fuerat
1007 2171 1076 2231 et
1110 2166 1260 2231 inde
1288 2167 1558 2232 vadibus
1597 2167 1767 2230 datis
1804 2166 1882 2230 de
1912 2165 2278 2231 Massivae

206 2276 369 2318 nece
414 2253 727 2319 iudicium
772 2253 1061 2339 fugerat,
1121 2255 1294 2338 quod
1340 2255 1401 2318 ei
1444 2276 1561 2338 per
1605 2274 1975 2318 maxumam
2021 2253 2237 2317 amici-

206 2342 374 2406 tiam
415 2363 720 2406 maxuma
766 2342 955 2426 copia
998 2341 1273 2406 fallundi
1320 2346 1487 2425 erat,
1547 2341 1773 2405 multis
1817 2340 2236 2424 pollicitatio-

203 2430 402 2494 nibus
450 2429 843 2515 aggreditur.
944 2451 1019 2494 ac
1072 2431 1286 2513 primo
1342 2429 1572 2512 efficit,
1625 2428 1727 2493 uti
1780 2428 1862 2492 ad
1909 2448 1976 2491 se
2023 2428 2235 2492 conlo-

207 2518 449 2601 quendi
506 2519 724 2602 gratia
789 2518 1083 2583 occultus
1145 2517 1382 2582 veniat.
1465 2516 1691 2581 deinde
1747 2515 1872 2579 fide
1935 2515 2113 2598 data,
2177 2515 2235 2579 si

206 2605 602 2691 Iugurtham
654 2607 873 2670 vivom
930 2609 1044 2670 aut
1094 2610 1400 2671 necatum
1455 2604 1584 2669 sibi
1639 2603 2041 2687 tradidisset,
2094 2602 2234 2667 fore

204 2697 285 2757 ut
330 2693 432 2757 illi
475 2697 743 2758 senatus
787 2694 1224 2777 inpunitatem
1279 2698 1348 2758 et
1407 2714 1524 2758 sua
1579 2692 1797 2757 omnia
1842 2691 2235 2776 concederet,

208 2781 404 2852 facile
439 2779 761 2846 Numidae
807 2781 1170 2865 persuadet,
1217 2803 1364 2846 cum
1392 2781 1654 2865 ingenio
1691 2780 1890 2844 infido
1927 2784 2070 2844 tum
2107 2801 2235 2843 me·
2272 2798 2304 2846 5

208 2869 444 2953 tuenti,
485 2890 600 2953 ne,
646 2871 703 2934 si
747 2891 876 2954 pax
922 2890 1069 2934 cum
1113 2868 1427 2933 Romanis
1473 2867 1688 2951 fieret,
1741 2868 1882 2951 ipse
1927 2888 2044 2951 per
2089 2888 2234 2932 con-

209 2957 498 3022 diciones
566 2958 645 3021 ad
702 2956 1095 3041 supplicium
1157 2958 1541 3021 traderetur
1641 2954 1728 3039 is,
1781 2954 1896 3019 ubi
1948 2954 2232 3037 primum
2253 2957 2337 3021 62

211 3050 654 3130 opportunum
706 3045 863 3128 fuit,
926 3043 1316 3131 Iugurtham
1371 3042 1632 3108 anxium
1688 3063 1762 3107 ac
1817 3042 2234 3105 miserantem

208 3133 509 3198 fortunas
578 3154 728 3198 suas
786 3095 1068 3218 adcedit,
1139 3136 1364 3197 monet
1428 3134 1623 3215 atque
1694 3129 2062 3194 lacrumans
2126 3128 2234 3192 ob-

211 3225 515 3305 testatur,
560 3221 663 3285 uti
711 3220 1059 3320 aliquando
1106 3220 1234 3284 sibi
1278 3219 1630 3303 liberisque
1678 3221 1745 3282 et
1792 3217 1975 3302 genti
2010 3215 2234 3279 Numi-

212 3310 443 3373 darum
506 3313 772 3392 optume
837 3308 1107 3373 meritae
1169 3307 1537 3392 provideat.
1603 3305 1904 3371 omnibus
1968 3302 2232 3388 proeliis

213 3418 355 3462 sese
401 3396 629 3481 victOS,
676 3418 908 3481 agrum
952 3400 1314 3479 vastatum,
1369 3395 1613 3459 multos
1659 3391 1958 3458 mortalis
2006 3395 2232 3491 captos

214 3484 493 3568 occisos,
538 3485 723 3569 regni
770 3505 925 3567 opes
974 3483 1383 3549 conminutas
1431 3504 1597 3568 esse;
1652 3481 1813 3546 satis
1870 3501 2057 3564 saepe
2102 3478 2234 3542 iam

213 3577 282 3637 et
327 3573 639 3638 virtutem
686 3571 972 3635 militum
1019 3577 1086 3637 et
1131 3571 1462 3636 fortunam
1517 3572 1936 3654 temptatam.
1993 3570 2241 3650 caveat,
