2650 4059
372 240 414 301 2
1025 233 1467 291 C.SALLUST1
1504 233 1733 290 CRISPI

369 404 529 468 pace
583 382 680 446 ita
733 386 810 446 ut
862 381 933 445 in
986 380 1159 444 bello
1214 381 1487 464 valeret,
1543 379 1945 463 aequabilius
1991 384 2197 463 atque
2243 402 2410 445 con-

374 470 655 537 stantius
704 491 844 534 sese
890 490 993 532 res
1038 467 1360 533 humanae
1404 468 1738 551 haberent,
1782 489 1991 552 neque
2038 468 2212 532 aliud
2258 468 2409 533 alio

302 574 337 620 4
373 559 529 625 ferri
582 580 791 641 neque
846 555 1087 621 mutari
1144 577 1218 621 ac
1264 556 1523 621 misceri
1571 556 1789 621 omnia
1835 578 2146 621 cerneres.
2234 578 2407 620 nam

372 647 721 730 imperium
782 644 972 709 facile
1029 643 1122 706 eis
1180 645 1431 708 artibus
1488 645 1832 728 retinetur,
1898 645 2133 727 quibus
2196 643 2405 709 initio

306 747 337 796 5
373 740 635 835 partum
682 737 798 798 est.
889 752 1113 795 verum
1158 732 1273 795 ubi
1317 754 1437 815 pro
1483 732 1707 796 labore
1753 732 2024 816 desidia,
2077 755 2196 834 pro
2244 754 2406 797 con-

375 823 652 889 tinentia
707 825 774 885 et
829 819 1156 902 aequitate
1210 820 1433 884 lubido
1490 824 1686 903 atque
1734 820 2064 922 superbia·
2080 821 2405 904 invasere,

306 926 338 973 6
376 912 639 978 fortuna
686 908 879 973 simul
928 929 1074 972 cum
1119 908 1410 972 moribus
1453 908 1833 973 inmutatur
1912 909 2009 972 ita
2046 908 2404 992 imperium

379 1021 633 1082 semper
692 997 773 1061 ad
833 1000 1173 1079 optumum
1229 1018 1548 1080 quemque
1605 1019 1644 1061 a
1698 997 1911 1060 minus
1965 998 2137 1061 bono
2184 1001 2401 1062 trans·

307 1100 339 1147 7
376 1088 601 1153 fertur.
693 1107 855 1168 quae
908 1083 1205 1149 homines
1261 1089 1450 1148 arant
1502 1085 1813 1171 navigant
1857 1085 2226 1170 aedificant,
2268 1085 2402 1151 vir-

378 1175 508 1240 tuti
556 1172 773 1237 omnia
817 1175 1065 1255 parent.

307 1275 340 1323 8
513 1259 638 1326 Sed
683 1260 875 1324 multi
913 1261 1241 1344 mortaleS,
1286 1260 1489 1326 dediti
1525 1261 1737 1326 ventri
1775 1265 1970 1345 atque
2009 1283 2256 1345 somn0,
2300 1262 2401 1326 in-

379 1351 555 1416 docti
606 1348 966 1431 incultique
1020 1349 1224 1413 vitam
1280 1349 1475 1413 sicuti
1519 1349 2006 1435 peregrinantes
2052 1350 2402 1435 transiere3

381 1439 615 1525 quibus
688 1437 982 1521 profecto
1058 1442 1284 1501 contra
1355 1441 1659 1501 naturam
1735 1459 1969 1521 corpus
2048 1439 2398 1522 voluptati,

381 1528 598 1594 anima
644 1525 824 1591 oneri
868 1524 1022 1609 fuit3
1068 1546 1292 1589 eorum
1339 1546 1461 1609 ego
1507 1526 1712 1589 vitam
1757 1531 2162 1609 mortemque
2212 1527 2401 1591 iuxta

310 1630 343 1677 9
381 1620 703 1696 aestumo,
768 1613 1074 1695 quoniam
1136 1613 1212 1676 de
1267 1617 1543 1696 utraque
1602 1614 1848 1678 siletur.
1946 1635 2170 1684 verum
2221 1616 2399 1680 enim

380 1725 534 1769 vero
571 1703 628 1765 is
675 1664 933 1764 demum
978 1700 1140 1764 mihi
1184 1701 1399 1766 vivere
1445 1706 1640 1785 atque
1685 1701 1815 1765 frui
1861 1703 2078 1766 anima
2122 1702 2400 1786 videtur,

382 1791 494 1876 qui
566 1789 784 1872 aliquo
846 1789 1112 1874 negotio
1176 1790 1467 1854 intentus
1529 1790 1847 1874 praeclari
1909 1790 2217 1855 facinoris
2282 1796 2401 1856 aut

383 1879 543 1945 artis
590 1879 798 1942 bonae
843 1877 1087 1941 famam
1133 1878 1404 1961 quaerit.

518 1964 643 2031 Sed
696 1966 767 2030 in
821 1987 1060 2050 magna
1115 1966 1301 2050 copia
1351 1988 1568 2031 rerum
1614 1966 1788 2030 aliud
1834 1967 1946 2031 alii
1989 1971 2225 2032 natura
2268 1969 2401 2034 iter

306 2055 346 2118 3
383 2054 686 2121 ostendit.
757 2054 1101 2137 pulchrum
1138 2059 1238 2117 est
1274 2055 1438 2118 bene
1476 2054 1685 2119 facere
1723 2055 1817 2118 rei
1842 2055 2159 2139 publicae,
2196 2057 2400 2122 etiam

383 2146 546 2209 bene
601 2141 810 2206 dicere
864 2142 1038 2206 haud
1093 2142 1445 2206 absurdum
1501 2147 1627 2226 est3
1689 2142 1791 2206 vel
1845 2165 2003 2226 pace
2058 2144 2160 2207 vel
2220 2145 2398 2209 bello

384 2232 632 2298 clarum
676 2230 820 2294 fieri
862 2230 1044 2314 licet3
1091 2234 1157 2293 et
1202 2231 1314 2313 qui
1359 2230 1567 2295 fecere
1622 2234 1689 2294 et
1743 2230 1855 2313 qui
1900 2231 2075 2296 facta
2119 2233 2406 2298 aliorum.

316 2337 346 2382 2
386 2320 728 2402 scripsere,
782 2319 973 2382 multi
1018 2280 1380 2382 laudantur.
1471 2341 1546 2383 ac
1592 2318 1755 2383 mihi
1801 2319 2086 2404 quidem,
2131 2323 2400 2386 tametsi

383 2408 557 2474 haud
596 2428 920 2492 quaquam
955 2428 1074 2490 par
1110 2407 1321 2490 gloria
1356 2407 1649 2490 sequitur
1677 2408 2059 2492 scriptorem
2088 2413 2155 2479 et
2182 2414 2401 2475 aucto-

385 2519 524 2562 rem
570 2517 805 2579 rerum,
850 2499 1071 2558 tamen
1114 2494 1185 2558 in
1228 2495 1458 2578 primis
1505 2496 1776 2561 arduum
1820 2496 2074 2561 videtur
2118 2519 2221 2561 res
2259 2519 2400 2582 ges-

388 2590 492 2649 tas
563 2584 872 2648 scribere:
927 2583 1210 2665 primum
1275 2583 1447 2665 quod
1510 2584 1686 2648 facta
1740 2583 1930 2648 dictis
1986 2586 2401 2667 exaequanda

389 2676 569 2755 sunt3
614 2671 845 2735 dehinc
893 2670 1045 2752 quia
1087 2669 1381 2752 plerique
1421 2692 1583 2753 quae
1620 2671 1858 2734 delicta
1893 2672 2402 2757 reprehenderiS,

387 2759 831 2825 malivolentia
891 2761 958 2821 et
1019 2757 1262 2820 invidia
1314 2757 1490 2821 dicta
1542 2761 1807 2841 putant,
1868 2757 1983 2822 ubi
2036 2759 2114 2823 de
2161 2782 2401 2844 magna

386 2849 630 2913 virtute
669 2850 863 2929 atque
900 2844 1111 2929 gloria
1145 2846 1466 2908 bonorum
1503 2866 1840 2944 memores,
1877 2866 2038 2927 quae
2072 2847 2200 2909 sibi
2229 2848 2401 2930 quis-

390 2958 513 3021 que
559 2934 779 2999 facilia
822 2932 1003 2997 factu
1037 2936 1245 3016 putat,
1292 2954 1498 3015 aequo
1537 2932 1752 2997 animo
1791 2932 2046 3015 accipit,
2091 2954 2288 3014 supra
2324 2955 2401 2997 ea

389 3024 590 3091 veluti
635 3023 790 3086 ficta
833 3043 951 3104 pro
998 3020 1182 3084 falsis
1228 3020 1422 3083 ducit.

319 3129 350 3177 3
524 3109 648 3176 Sed
686 3131 806 3194 ego
846 3108 1362 3173 adulescentulus
1399 3107 1589 3172 initio
1629 3106 1822 3170 sicuti
1856 3085 2147 3190 plerique
2184 3107 2404 3173 studio

390 3201 471 3266 ad
523 3221 660 3263 rem
714 3197 1043 3281 publicam
1096 3198 1271 3259 latus
1327 3217 1499 3278 sum,
1552 3195 1771 3278 ibique
1826 3194 1989 3258 mihi
2043 3196 2253 3260 multa
2298 3197 2403 3260 ad-

390 3309 582 3354 vorsa
634 3285 831 3349 fuere.
927 3306 1081 3348 nam
1134 3305 1253 3366 pro
1307 3284 1580 3366 pudore,
1631 3304 1750 3366 pro
1806 3283 2228 3369 abstinentia,
2280 3307 2401 3368 pro

323 3392 356 3440 4
390 3375 632 3439 virtute
671 3369 938 3435 audacia
981 3371 1248 3457 largitio
1296 3372 1572 3436 avaritia
1616 3371 1943 3458 vigebant.
2033 3394 2197 3457 quae
2243 3377 2404 3436 tam·

392 3462 518 3527 etsi
574 3461 828 3524 animus
884 3462 1354 3544 aspernabatur
1411 3461 1699 3526 insolens
1764 3461 2083 3525 malarum
2147 3461 2409 3544 artium,

391 3553 612 3613 tamen
655 3548 828 3611 inter
873 3551 1061 3614 tanta
1105 3550 1268 3615 vitia
1306 3550 1611 3616 inbecilla
1649 3553 1828 3615 aetas
1866 3550 2223 3615 ambitione
2261 3570 2406 3614 con-
