2650 4059
694 256 986 312 BELLUM
1021 257 1410 314 ΟΑΤΠᾸΝΑΕ
1448 276 1494 314 c.
1534 267 1617 315 52.
1656 267 1740 316 53.
2158 262 2244 328 35

225 404 372 487 ipsa
417 424 646 487 aspera
684 407 801 487 est,
849 404 960 467 sed
994 424 1111 467 vos
1146 424 1281 467 non
1318 404 1566 469 timetis
1608 427 1766 469 eam.
1849 406 2048 471 immo
2086 430 2239 472 vero

226 512 544 555 maxume.
645 490 757 555 sed
809 491 1047 555 inertia
1100 494 1168 555 et
1221 492 1504 556 mollitia
1558 493 1757 556 animi
1812 494 1979 558 alius
2039 496 2242 560 alium

226 583 644 662 expectantes
683 579 1096 662 cunctamini,
1130 578 1434 644 videlicet
1470 579 1569 644 dis
1604 580 2063 645 inmortalibus
2096 605 2242 648 con-

224 668 358 750 fisi,
414 666 527 750 qui
578 667 747 731 hanc
799 688 939 731 rem
981 667 1314 749 publicam
1362 689 1553 750 saepe
1598 669 1669 731 in
1712 670 2032 733 maxumis
2077 672 2241 754 peri-

227 756 390 821 culis
439 776 789 819 servavere.
877 775 1012 818 non
1054 754 1226 818 votis
1271 776 1480 839 neque
1527 757 1861 839 suppliciis
1913 758 2241 822 muliebri·
2278 781 2344 830 29

227 845 348 909 bus
406 842 647 907 auxilia
691 843 957 907 deorum
1000 846 1342 943 parantur·
1395 843 1724 928 vigilando
1776 846 2032 930 agundo
2077 846 2240 911 bene

226 931 625 997 consulundo
670 952 984 1031 prospera
1029 930 1247 994 omnia
1292 931 1544 995 cedunt.
1634 932 1747 995 ubi
1798 934 2129 998 socordiae
2174 938 2240 997 te

226 1024 423 1103 atque
486 1018 782 1103 ignaviae
838 1018 1208 1101 tradideris,
1269 1019 1663 1118 nequiquam
1717 1021 1871 1085 deos
1926 1021 2239 1106 inplores.

222 1108 380 1172 irati
424 1106 773 1190 infestique
820 1110 991 1170 sunt.
1081 1105 1251 1189 apud
1295 1106 1574 1171 maiores
1627 1112 1890 1173 nostros
1935 1110 2014 1173 A.
2058 1109 2239 1174 Man·
2276 1132 2344 1180 30

223 1195 354 1260 lius
419 1194 786 1296 Torquatus
850 1194 1024 1258 bello
1091 1192 1345 1259 Gallico
1399 1194 1608 1258 filium
1669 1216 1883 1280 suum,
1948 1199 2122 1296 quod
2179 1198 2237 1261 is

226 1287 458 1349 contra
501 1282 845 1382 imperium
890 1282 961 1345 in
1002 1282 1263 1346 hostem
1308 1286 1730 1366 pugnaverat,
1773 1285 1991 1348 necari
2027 1285 2238 1368 iussit,

226 1378 423 1455 atque
459 1370 570 1434 ille
608 1370 906 1455 egregius
943 1369 1319 1434 adulescens
1356 1369 1798 1435 inmoderatae
1832 1370 2237 1437 fortitudinis
2275 1395 2340 1442 31

224 1463 439 1524 morte
493 1479 734 1542 poenas
789 1457 993 1521 dedit.
1046 1478 1163 1521 vos
1218 1458 1295 1521 de
1353 1456 1833 1522 crudelissumis
1896 1459 2236 1542 parricidis

225 1547 383 1632 quid
420 1546 745 1629 statuatis,
782 1545 1222 1610 cunctamini?
1258 1545 1559 1610 videlicet
1594 1549 1811 1610 cetera
1845 1546 1983 1611 vita
2015 1567 2239 1611 eorum

222 1634 379 1699 huic
432 1634 660 1699 sceleri
715 1634 954 1698 obstat.
1044 1654 1267 1697 verum
1311 1633 1560 1717 parcite
1606 1634 1913 1718 dignitati
1958 1633 2238 1718 Lentuli,
2276 1658 2343 1706 32

225 1723 283 1788 si
328 1722 469 1807 ipse
513 1721 881 1805 pudicitiae,
927 1721 984 1784 si
1019 1720 1229 1785 famae
1268 1742 1442 1804 suae,
1488 1721 1545 1784 si
1580 1721 1679 1785 dis
1717 1726 1832 1786 aut
1865 1721 2238 1787 hominibus

222 1831 537 1894 umquam
581 1808 732 1874 ullis
778 1809 1088 1894 pepercit.
1176 1809 1498 1893 ignoscite
1544 1808 1816 1895 Cethegi
1871 1811 2235 1876 adulescen·
2274 1834 2342 1882 33

222 1899 378 1983 tiae,
420 1898 549 1962 nisi
593 1898 830 1961 iterum
874 1897 1127 1981 patriae
1174 1897 1417 1961 bellum
1461 1896 1634 1963 fecit.
1722 1920 1877 1962 nam
1923 1899 2078 1982 quid
2114 1920 2235 1983 ego
2276 1921 2344 1970 34

223 1988 304 2051 de
353 1984 632 2051 Gabinio
680 1983 945 2050 Statilio
992 1983 1305 2068 Caepario
1352 1985 1627 2069 loquar?
1682 1985 1917 2069 quibus
1965 1986 2020 2050 si
2068 1988 2239 2070 quic-

224 2096 426 2159 quam
480 2095 787 2157 umquam
839 2073 1026 2157 pensi
1079 2072 1340 2156 fuisset,
1400 2095 1535 2138 non
1588 2095 1665 2138 ea
1719 2074 1993 2138 consilia
2045 2075 2123 2139 de
2167 2096 2238 2140 re

221 2162 492 2247 publica
540 2161 939 2226 habuissent.
1035 2165 1393 2245 postremo,
1455 2164 1675 2245 patres
1740 2162 2117 2246 conscripti,
2182 2163 2238 2226 si
2275 2185 2343 2233 35

225 2250 594 2315 mehercule
638 2253 906 2333 peccato
951 2248 1133 2314 locus
1179 2252 1369 2332 esset,
1414 2248 1604 2313 facile
1649 2252 1907 2332 paterer
1942 2271 2058 2314 vos
2095 2251 2239 2334 ipsa

223 2360 296 2403 re
344 2337 609 2423 corrigi,
664 2337 970 2422 quoniam
1022 2337 1222 2400 verba
1276 2336 1710 2401 contemnitis.
1802 2336 1914 2400 sed
1957 2337 2239 2421 undique

226 2426 650 2492 circumventi
713 2446 953 2489 811111118.
1052 2422 1338 2489 Catilina
1390 2445 1537 2488 cum
1591 2424 1878 2488 exercitu
1940 2424 2237 2489 faucibus

225 2518 448 2601 urget3
518 2514 632 2578 alii
692 2514 871 2577 intra
930 2512 1189 2577 moenia
1249 2516 1445 2596 atque
1507 2513 1579 2576 in
1641 2510 1788 2576 sinu
1849 2512 2030 2576 urbis
2087 2516 2239 2576 sunt

223 2603 480 2687 hostes3
531 2622 739 2685 neque
791 2600 1012 2684 parari
1062 2621 1273 2684 neque
1328 2599 1579 2665 consuli
1629 2600 1978 2684 quicquam
2020 2604 2240 2683 potest

228 2689 508 2755 occulte:
554 2710 682 2773 quo
727 2689 938 2775 magis
982 2688 1458 2772 properandum
1504 2693 1622 2754 est.

318 2777 463 2854 Qua
505 2800 574 2842 re
607 2797 743 2878 ego
788 2777 885 2840 ita
931 2797 1186 2858 censeo,
1241 2798 1388 2841 cum
1432 2776 1681 2843 nefario
1728 2777 2001 2842 consilio
2048 2779 2240 2844 scele-
2278 2800 2345 2848 36

225 2869 522 2930 ratorum
566 2865 805 2929 civium
848 2886 953 2929 res
997 2826 1311 2948 publi'ca
1291 2887 1364 2928 m
1398 2886 1701 2929 maxuma
1733 2864 2023 2948 pericula
2057 2888 2240 2932 vene-

225 2954 337 3036 rit,
374 2953 561 3036 eique
597 2952 835 3017 indicio
863 2952 935 3015 Τ.
972 2951 1265 3016 Volturci
1301 2956 1371 3017 et
1406 2953 1771 3038 legatorum
1807 2953 2240 3038 Allobrogum

227 3040 508 3106 convicti
564 3039 969 3124 confessique
1023 3040 1157 3104 sint
1211 3040 1470 3104 caedem
1523 3039 1818 3104 incendia
1870 3040 2124 3124 aliaque
2170 3062 2239 3105 se

227 3128 422 3194 foeda
465 3132 659 3212 atque
707 3128 990 3193 crudelia
1033 3127 1323 3192 facinora
1367 3127 1438 3192 in
1483 3127 1641 3192 civis
1685 3125 2095 3210 patriamque
2131 3149 2240 3212 pa·

226 3217 492 3299 ravisse,
537 3217 615 3281 de
661 3215 974 3281 confessis
1021 3215 1218 3280 sicuti
1261 3216 1341 3280 de
1386 3214 1770 3280 manufestis
1815 3235 2032 3278 rerum
2069 3216 2239 3300 capi—

226 3305 464 3369 talium
507 3325 688 3369 more
733 3304 1054 3368 maiorum
1099 3303 1489 3387 supplicium
1536 3300 1965 3368 sumundum?

359 3392 722 3476 Postquam
767 3390 932 3457 Cato
970 3391 1239 3475 adsedit,
1286 3392 1657 3456 consulares
1695 3411 1917 3455 omnes
1952 3389 2239 3475 itemque
2260 3394 2344 3457 53

226 3484 491 3544 senatus
536 3498 776 3564 magna
810 3500 961 3562 pars
998 3480 1390 3543 sententiam
1427 3479 1565 3544 eius
1600 3478 1886 3564 laudant,
1928 3478 2241 3544 virtutem

225 3568 431 3633 animi
475 3568 558 3632 ad
604 3565 854 3632 caelum
896 3566 1132 3651 ferunt,
1178 3566 1291 3630 alii
1330 3567 1493 3632 alios
1530 3567 1937 3652 increpantes
1975 3567 2242 3633 timidos

1843 3669 1917 3725 8·
