2650 4059
466 256 548 319 16
1132 251 1190 306 C.
1228 250 1573 307 SALLUSTI
1608 248 1841 306 ORISPI

461 400 598 463 dies
623 399 965 482 noctisque
990 396 1300 462 festinare
1331 395 1618 482 vigilare,
1653 416 1863 478 neque
1896 395 2245 461 insomniis
2269 418 2474 481 neque

390 503 422 551 3
457 487 682 551 labore
733 485 1018 572 fatigari.
1107 488 1467 568 postremo,
1529 483 1645 547 ubi
1707 483 1918 547 multa
1969 483 2256 568 agitanti
2311 486 2473 549 nihil

461 574 781 659 procedit,
835 593 1058 638 rursus
1104 572 1500 655 intempesta
1541 575 1732 636 nocte
1781 571 2249 636 coniurationis
2305 573 2477 656 prin·

390 679 425 726 4
461 664 634 747 cipes
682 664 996 728 convocat
1038 681 1154 744 per
1190 658 1277 723 M.
1317 659 1617 724 Porcium
1653 658 1957 742 Laecam,
2000 659 2222 742 ibique
2270 661 2481 725 multa

460 752 537 815 de
599 750 861 836 ignavia
923 769 1147 812 eorum
1211 751 1480 830 questus
1544 747 1734 812 docet
1792 768 1861 811 se
1921 745 2241 812 Manlium
2297 770 2480 832 prae·

460 839 716 904 misisse
754 837 836 901 ad
872 857 1017 900 eam
1051 834 1556 935 multitudinem,
1594 856 1791 918 quam
1827 835 1909 899 ad
1940 835 2261 918 capiunda
2296 857 2483 901 arma

458 929 827 1011 paraverat,
871 924 1033 989 item
1077 923 1241 987 alios
1285 923 1357 987 in
1400 922 1530 987 alia
1575 923 1721 988 loca
1766 927 2158 1008 opportuna,
2205 924 2320 1008 (1111
2365 924 2483 989 ini·

461 1015 627 1078 tium
690 1013 847 1077 belli
908 1011 1229 1094 facerent,
1302 1031 1499 1093 seque
1572 1010 1654 1074 ad
1717 1010 2072 1075 exercitum
2150 1012 2483 1096 proficisci
2565 1038 2576 1042 ·

461 1122 712 1184 cupere,
749 1101 805 1165 si
841 1100 1021 1184 prius
1056 1097 1436 1164 Ciceronem
1473 1098 1934 1183 obpressisset3
1970 1119 2119 1163 eum
2157 1099 2293 1164 suis
2334 1123 2484 1165 con-

297 1239 303 1246 .
354 1189 440 1255 28
463 1188 626 1254 siliis
674 1188 955 1252 multum
1001 1186 1276 1253 officere.
1366 1186 1571 1273 igitur
1622 1186 1989 1271 perterritis
2046 1209 2120 1252 ac
2180 1187 2483 1253 dubitan-

460 1277 638 1341 tibus
708 1276 938 1341 ceteris
1004 1274 1071 1341 C.
1129 1273 1469 1341 Cornelius
1536 1287 1733 1359 eques
1805 1273 2137 1340 Romanus
2212 1297 2484 1360 operam

461 1386 646 1429 suam
708 1364 1040 1449 pollicitus
1105 1366 1172 1427 et
1235 1384 1383 1427 cum
1447 1383 1523 1427 00
1579 1360 1652 1427 L.
1706 1360 2147 1449 Vargunteius
2212 1368 2484 1430 senator

460 1453 854 1519 constituere
909 1473 986 1516 ea
1028 1454 1220 1516 nocte
1282 1450 1478 1533 paulo
1523 1454 1676 1534 post
1739 1472 1887 1514 cum
1942 1451 2214 1515 armatis
2268 1451 2481 1517 homi-

458 1541 651 1606 nibus
708 1540 901 1604 sicuti
957 1538 1314 1603 salutatum
1369 1537 1640 1602 introire
1695 1538 1777 1602 ad
1832 1537 2210 1604 Ciceronem
2268 1561 2346 1605 ac
2402 1541 2484 1605 de

390 1644 423 1692 2
460 1628 791 1711 inproviso
838 1627 1015 1691 domi
1060 1646 1215 1689 suae
1251 1625 1625 1709 inparatum
1660 1626 2019 1690 confodere.
2083 1625 2318 1692 Curius
2365 1629 2486 1693 ubi

461 1715 805 1800 intellegit,
850 1717 1169 1798 quantum
1213 1714 1573 1796 periculum
1619 1713 1869 1779 consuli
1913 1714 2291 1800 inpendeat,
2334 1739 2487 1800 pro-

459 1825 612 1887 pere
655 1824 773 1887 per
798 1801 1098 1866 Fulviam
1125 1799 1423 1866 Ciceroni
1468 1801 1691 1866 dolum
1735 1801 1847 1885 qui
1890 1803 2246 1885 parabatur
2284 1825 2487 1869 enun-

392 1907 424 1955 3
460 1891 602 1955 tiat.
691 1890 789 1954 ita
839 1890 941 1954 illi
993 1889 1188 1955 ianua
1243 1889 1562 1973 prohibiti
1616 1892 1876 1953 tantum
1929 1889 2179 1955 facinus
2226 1890 2485 1957 frustra

462 1982 895 2063 susceperant.

392 2082 425 2130 4
611 2066 869 2131 Interea
939 2065 1221 2130 Manlius
1297 2066 1369 2128 in
1434 2064 1704 2129 Etruria
1773 2065 2031 2148 plebem
2105 2067 2488 2153 sollicitare,

463 2157 752 2241 egestate
800 2154 996 2219 simul
1042 2175 1118 2220 ac
1162 2153 1385 2218 dolore
1430 2152 1702 2217 iniuriae
1746 2174 2063 2217 novarum
2108 2176 2329 2219 rerum
2376 2178 2486 2222 cu-

460 2243 697 2327 pidam,
744 2243 918 2326 quod
956 2241 1173 2307 Sullae
1210 2239 1650 2305 dominatione
1688 2260 1882 2325 agros
1920 2242 2219 2326 bonaque
2258 2246 2488 2309 omnia

462 2331 797 2416 amiserat,
839 2334 1177 2415 praeterea
1212 2329 1499 2393 latrones
1538 2327 1847 2411 cuiusque
1884 2331 2160 2415 generis,
2198 2352 2487 2414 quorum

461 2419 531 2483 in
575 2441 652 2484 ea
695 2420 958 2506 regione
1012 2439 1251 2503 magna
1297 2417 1485 2500 copia
1540 2420 1711 2500 erat·
1759 2438 1894 2480 11011
1936 2418 2153 2483 11111103
2209 2440 2288 2482 ex
2338 2419 2487 2485 Sul-

461 2495 629 2572 lanis
669 2507 969 2591 coloniis,
1015 2506 1249 2588 quibus
1295 2505 1519 2570 lubido
1569 2508 1764 2587 31(1110
1801 2505 2059 2570 luxuria
2104 2528 2182 2570 ex
2219 2508 2486 2592 magnis

356 2682 441 2746 29
462 2595 706 2746 ramilis
722 2593 1196 2747 (1111111111ἒῇ1ῗὲἓὲ
1220 2592 1692 2763 ἔιίἓῖ1ἓξο111111,
1724 2680 1995 2765 ancipiti
2025 2682 2198 2747 malo
2226 2704 2485 2766 permo-

463 2774 588 2853 1113,
635 2770 806 2853 quod
841 2789 1049 2851 neque
1085 2768 1312 2832 urbem
1351 2768 1432 2831 ab
1470 2767 1721 2832 insidiis
1756 2768 2011 2851 privato
2042 2770 2313 2835 consilio
2344 2771 2485 2836 lon-

463 2857 607 2943 gius
627 2857 798 2921 tueri
814 2859 1075 2942 poterat
1093 2877 1318 2940 neque,
1348 2856 1664 2921 exercitus
1685 2855 1890 2920 Manli
1909 2861 2191 2939 quantus
2211 2862 2327 2921 aut
2350 2878 2483 2943 quo

464 2945 732 3016 consilio
760 2944 949 3028 foret,
979 2944 1140 3009 satis
1169 2949 1551 3027 conpertum
1576 2944 1881 3029 habebat,
1908 2967 2047 3008 rem
2074 2946 2153 3009 ad
2178 2951 2484 3012 senatum

392 3049 424 3096 2
463 3031 679 3116 refert,
724 3033 857 3097 iam
893 3036 1084 3098 antea
1118 3032 1298 3117 volgi
1336 3032 1703 3097 rumoribus
1746 3032 2164 3117 exagitatam.
2235 3033 2484 3119 itaque,

465 3121 635 3203 quod
661 3120 1085 3205 plerumque
1067 3143 1138 3185 111
1163 3120 1372 3184 atroci
1388 3119 1656 3205 negotio
1677 3120 1863 3203 solet,
1891 3124 2154 3185 senatus
2174 3121 2484 3207 decrevit,

464 3209 690 3273 darent
727 3231 990 3294 operam
1027 3208 1343 3291 consules,
1379 3229 1460 3272 ne
1499 3208 1652 3291 quid
1679 3230 1781 3274 res
1808 3208 2073 3291 publica
2101 3173 2484 3274 detrimenti

393 3312 425 3360 3
464 3301 738 3381 caperet.
811 3319 888 3361 ea
921 3300 1215 3380 potestas
1252 3316 1369 3379 per
1405 3299 1702 3359 senatum
1739 3317 1919 3361 more
1948 3295 2244 3361 Romano
2275 3299 2482 3384 magi·

464 3385 701 3449 stratui
739 3404 1039 3448 maxuma
1082 3383 1505 3467 permittitur,
1552 3384 1905 3448 exercitum
1940 3406 2186 3468 parare,
2231 3384 2484 3450 bellum

464 3494 704 3558 gerere,
732 3493 1023 3536 coercere
1053 3471 1353 3535 omnibus
1382 3471 1591 3535 modis
1622 3471 1831 3535 socios
1860 3475 2058 3554 atque
2086 3472 2264 3556 civis„
2301 3472 2481 3538 domi

465 3560 862 3642 militiaeque
900 3559 1245 3641 imperium
1282 3561 1476 3641 atque
1514 3558 1822 3623 iudicium
1858 3581 2184 3623 summum
2209 3560 2482 3646 habere3
