2650 4059
639 238 933 294 BELLUM
969 239 1487 295 IUGURTHINUM
1527 257 1573 296 c.
1604 229 1844 295 '38-41,
2182 240 2261 305 71,

240 385 571 468 inpeditus
631 406 670 449 a
713 385 997 449 tribunis
1041 384 1279 468 plebis,
1322 406 1404 448 ne
1452 406 1612 467 quas
1658 389 2002 468 paraverat
2042 387 2264 471 copias

239 493 463 538 secum
499 476 812 557 portaret,
847 472 1072 556 paucis
1110 472 1394 536 diebus
1375 495 1444 536 m
1480 471 1772 537 Africam
1799 473 2262 560 proficiscitur3

169 615 174 619 .
237 582 396 625 nam
457 560 671 655 omnis
736 561 1084 644 exercitae,
1146 559 1246 624 uti
1308 565 1723 644 convenerat,
1787 559 2098 626 Numidia
2160 563 2262 627 de-

239 649 477 714 ductus
539 649 610 714 in
650 647 1006 750 provincia
1067 611 1418 712 hiemabat.
1519 653 1871 733 postquam
1934 671 2010 714 eo
2065 650 2261 735 venit,
2298 667 2331 714 r>
2451 705 2460 715 .

240 758 637 820 quamquam
696 737 999 821 persequi
1052 735 1443 836 Iugurtham
1506 740 1574 800 et
1632 736 1874 801 mederi
1937 736 2261 803 fraternae

240 824 523 890 invidiae
568 824 785 892 animo
831 825 1117 909 ardebat,
1162 824 1444 909 cognitis
1490 824 1831 909 militibus,
1876 847 2037 909 quos
2082 847 2262 910 11133-

244 915 345 977 ter
387 912 616 998 fugam
661 913 877 978 soluto
925 912 1198 997 imperio
1245 912 1510 977 licentia
1555 917 1750 997 atque
1804 876 2073 978 lascivia
2117 936 2261 979 con-

242 1005 535 1085 ruperat,
581 1023 659 1065 ex
705 1001 893 1086 copia
937 1022 1153 1065 rerum
1199 1000 1435 1065 statuit
1481 1000 1607 1065 sibi
1651 1000 1818 1065 nihil
1864 1001 2258 1087 agitandum.

376 1087 651 1153 Interim
699 1089 946 1154 Romae
1003 1087 1072 1154 C.
1127 1088 1459 1153 Mamilius
1513 1087 1894 1154 Limetanus
1955 1091 2257 1154 tribunus
2321 1089 2367 1155 Ο
2488 1146 2493 1152 .

239 1176 453 1260 plebis
499 1176 919 1263 rogationem
973 1176 1054 1241 ad
1107 1177 1423 1262 populum
1475 1176 1876 1262 promulgat,
1925 1178 2025 1242 uti
2073 1200 2236 1279 quae
2472 1171 2484 1181 ⁶

240 1268 495 1329 rel-etur
548 1264 618 1328 in
671 1286 810 1348 eos,
865 1287 1141 1349 quorum
1196 1264 1468 1329 consilio
1516 1263 1837 1349 Iugurtha
2051 1266 2104 1329 ti
2160 1267 2261 1331 de·
2329 1275 2425 1398 {13⁷

241 1356 423 1418 creta
472 1353 898 1438 neglegisset,
954 1353 1192 1437 quique
1248 1353 1330 1416 ab
1386 1373 1464 1417 eo
1518 1352 1589 1416 in
1645 1288 2331 1497 legatioffibgs—RN
2392 1352 2435 1396 Ψ

149 1474 163 1486 ·
239 1441 532 1524 11111131113
585 1441 892 1526 pecunias
948 1440 1374 1525 accepissent,
1430 1440 1542 1523 qui
1597 1439 1976 1524 elephantos
2023 1463 2259 1526 quique
2323 1505 2351 1528 2
2516 1489 2565 1556 ,-
2606 1503 2623 1528 ,

238 1527 548 1615 perfugas
595 1529 1033 1612 tradidissent,
1077 1528 1238 1593 item
1284 1528 1398 1612 qui
1444 1529 1521 1593 (13
1556 1549 1714 1612 pace
1751 1532 1865 1592 aut
1900 1528 2074 1596 bello
2112 1551 2262 1594 cum
2367 1505 2513 1560 Ama
2544 1515 2619 1562 W

238 1616 544 1682 hostibus
598 1617 933 1702 pactiones
987 1616 1314 1682 fecissent.
1414 1616 1566 1681 huic
1630 1616 1959 1702 rogationi
2017 1618 2260 1702 partim
2299 1635 2330 1682 2

242 1705 488 1770 conscii
542 1705 669 1769 sibi
726 1705 839 1770 alii
895 1727 974 1769 ex
1017 1705 1303 1790 partium
1357 1704 1601 1770 invidia
1644 1704 1933 1789 pericula
1977 1710 2262 1770 metuen—

239 1796 362 1877 tes,
416 1793 726 1877 quoniam
772 1798 994 1878 aperte
1040 1792 1342 1857 resistere
1386 1814 1521 1857 non
1564 1797 1893 1878 poterant,
1945 1794 2102 1877 quin
2146 1794 2263 1858 illa

239 1884 309 1946 et
356 1881 486 1945 alia
530 1881 692 1946 talia
736 1882 989 1965 placere
1037 1881 1165 1945 sibi
1210 1881 1596 1964 faterentur,
1652 1881 1902 1946 occulte
1946 1903 2062 1965 per
2107 1883 2262 1946 ami-

239 1990 353 2035 cos
399 1991 475 2035 ac
520 1992 818 2034 maxume
864 1991 982 2053 per
1025 1969 1320 2033 homines
1367 1968 1651 2033 nominis
1688 1967 1909 2034 Latini
1945 1973 2012 2033 et
2049 1969 2260 2035 socios

238 2056 512 2123 Italicos
558 2057 999 2143 inpedimenta
1042 2057 1380 2140 parabant.
1473 2057 1585 2121 sed
1625 2057 1848 2142 plebes
1886 2057 2260 2122 incredibile
2298 2076 2330 2123 3

239 2150 606 2211 memoratu
652 2149 755 2211 est
800 2167 996 2229 quam
1040 2146 1295 2209 intenta
1334 2144 1534 2209 fuerit
1572 2149 1938 2245 quantaque
1975 2146 2040 2210 vi
2075 2168 2261 2232 roga-

237 2234 492 2298 tionem
543 2234 832 2318 iusserit,
878 2233 1089 2318 magis
1138 2233 1284 2298 odio
1330 2233 1726 2316 nobilitatis,
1782 2233 1885 2298 cui
1930 2233 2103 2297 mala
2146 2234 2262 2298 illa
2578 2252 2648 2320 ἢ

238 2322 669 2407 parabantur,
725 2342 920 2406 quam
966 2342 1122 2386 cura
1165 2321 1261 2386 rei
1304 2321 1630 2404 publicae:
1688 2324 1874 2384 tanta
1926 2320 2146 2385 lubido
2192 2322 2263 2386 in
2360 2304 2635 2407 ‘Affaeffl‘

239 2410 541 2495 partibus
586 2413 744 2474 erat.
833 2409 1039 2494 igitur
1084 2409 1317 2474 ceteris
1365 2412 1544 2472 metu
1589 2408 1904 2492 perculsis
1941 2407 2028 2471 M.
2069 2406 2260 2473 Scau·
2296 2426 2331 2474 4

238 2520 382 2581 rus,
446 2520 640 2581 quem
702 2498 995 2582 legatum
1056 2496 1318 2561 Bestiae
1381 2496 1584 2560 fuisse
1649 2517 1845 2579 supra
1907 2496 2260 2581 docuimus,

191 2582 211 2593 ⁶
240 2586 416 2651 inter
458 2585 781 2650 laetitiam
824 2585 1035 2669 plebis
1074 2589 1141 2649 et
1178 2606 1445 2648 suorum
1479 2583 1723 2669 fugam,
1770 2583 2025 2668 trepida
2062 2584 2260 2649 etiam

244 2678 387 2738 tum
444 2674 738 2757 civitate,
794 2695 941 2738 cum
995 2694 1073 2737 ex
1118 2672 1414 2737 Mamilia
1457 2672 1796 2757 rogatione
1842 2676 1975 2736 tres
2015 2673 2261 2756 quaesi·

238 2766 420 2827 tores
458 2766 863 2846 rogarentur,
900 2760 1216 2844 effecerat,
1253 2760 1357 2824 uti
1389 2760 1529 2844 ipse
1567 2760 1636 2824 in
1672 2782 1748 2825 eo
1782 2781 2052 2824 numero
2091 2783 2260 2826 crea-

242 2855 444 2915 retur.
536 2850 649 2915 sed
703 2849 1000 2932 quaestio
1055 2849 1340 2913 exercita
1394 2869 1618 2931 aspere
1677 2847 2120 2933 violenterque
2184 2873 2261 2915 ex
2300 2865 2331 2914 5

235 2959 499 3003 rumore
547 2942 613 3003 et
657 2937 944 3002 lubidine
997 2937 1236 3021 plebis:
1290 2940 1368 3000 ut
1424 2957 1614 3020 saepe
1669 2936 2111 3020 nobilitatem,
2167 2939 2260 3002 sic

238 3049 319 3095 ea
382 3029 774 3109 tempestate
838 3025 1094 3109 plebem
1155 3046 1234 3089 ex
1297 3024 1593 3088 secundis
1657 3024 1849 3087 rebus
1913 3023 2262 3089 insolentia

236 3136 314 3180 oe
360 3118 519 3179 erat.

313 3136 681 3267 PCeterum
745 3222 886 3265 mos
942 3202 1230 3285 partium
1287 3199 1753 3284 [popularium]
1813 3203 1879 3262 et
1938 3199 2258 3281 [senatus]
2279 3206 2362 3269 41

238 3290 608 3355 factionum
653 3310 729 3354 ac
775 3288 999 3353 deinde
1047 3288 1338 3352 omnium
1383 3288 1705 3352 malarum
1749 3286 1993 3350 artium
2036 3287 2260 3371 paucis

237 3383 393 3443 ante
457 3374 646 3441 annis
698 3375 945 3440 Romae
1011 3381 1193 3441 ortus
1258 3379 1361 3440 est
1416 3375 1552 3439 otio
1608 3378 1806 3458 atque
1865 3374 2264 3439 abundantia

236 3488 467 3531 earum
502 3485 737 3547 rerum,
784 3484 947 3545 quae
983 3464 1196 3548 prima
1230 3464 1542 3528 mortales
1580 3464 1839 3527 ducunt.
1921 3483 2074 3525 nam
2110 3466 2260 3526 ante
2299 3480 2330 3526 2

238 3552 712 3638 Carthaginem
783 3549 1061 3615 deletam
1123 3550 1403 3635 populus
1469 3555 1535 3616 et
1600 3553 1863 3615 senatus
1928 3549 2260 3615 Romanus

2529 1241 2648 1278 W
