2650 4059
416 244 502 309 28
1076 218 1132 300 οξ
1171 241 1510 298 sALLus'm
1548 241 1778 297 omsm

416 388 838 472 pontificatus
886 388 1033 452 odio
1079 387 1407 470 incensus,
1454 387 1625 470 quod
1671 389 1960 450 extrema
2004 390 2247 471 aetate,
2304 409 2446 451 ma-

417 476 631 540 xumis
666 476 1025 540 honoribus
1062 496 1237 557 usus,
1273 475 1357 538 ab
1396 474 1876 540 adulescentulo
1914 474 2190 540 Caesare
2219 475 2444 540 victus

349 580 382 628 3
419 563 822 628 discesserat.
913 584 1017 627 res
1065 566 1283 626 autem
1330 566 1698 645 opportuna
1742 563 2108 646 videbatur,
2155 564 2334 647 quod
2379 563 2444 627 is

419 651 727 735 privatim
773 650 1037 736 egregia
1079 650 1495 733 liberalitate,
1538 649 1796 733 publice
1842 650 2162 714 maxumis
2215 673 2446 715 mune-

349 754 384 802 4
419 739 600 803 ribus
646 738 957 824 grandem
999 737 1342 821 pecuniam
1388 737 1683 802 debebat.
1773 738 1884 803 sed
1937 739 2054 803 ubi
2099 739 2446 803 consulem

421 827 500 890 ad
546 830 806 890 tantum
840 825 1092 889 facinus
1136 825 1446 909 inpellere
1484 830 1831 909 nequeunt,
1874 826 2004 909 ipsi
2042 826 2445 911 singillatim

421 914 873 979 circumeundo
929 918 1123 996 atque
1178 913 1592 977 ementiundo
1639 934 1802 996 quae
1850 935 1918 978 se
1964 935 2043 978 ex
2087 913 2442 979 Volturcio

421 1005 536 1065 aut
596 1000 1067 1086 Allobrogibus
1132 1000 1387 1065 audisse
1450 1001 1762 1085 dicerent,
1826 1022 2131 1086 magnam
2185 1001 2286 1065 illi
2343 1002 2443 1065 in·

420 1088 660 1152 vidiam
725 1089 1185 1172 conflaverant,
1249 1110 1454 1172 usque
1510 1110 1585 1153 eo
1638 1092 1715 1152 ut
1764 1111 1899 1153 non
1948 1089 2113 1153 nulli
2178 1089 2440 1190 equites

421 1175 727 1260 Romani,
791 1176 901 1259 qui
955 1176 1235 1261 praesidi
1290 1198 1486 1240 causa
1540 1198 1685 1241 cum
1738 1177 1890 1241 telis
1945 1181 2130 1241 erant
2188 1178 2442 1242 circum

423 1264 647 1328 aedem
684 1262 1099 1349 Concordiae,
1144 1286 1258 1329 seu
1291 1263 1565 1347 periculi
1602 1264 2046 1350 magnitudine
2080 1286 2195 1329 seu
2231 1265 2440 1329 animi

423 1352 790 1416 mobilitate
825 1352 1086 1437 inpulsi,
1124 1373 1252 1436 quo
1291 1352 1579 1416 studium
1619 1374 1808 1416 suum
1842 1352 1913 1416 in
1938 1374 2076 1416 rem
2101 1353 2440 1436 publicam

423 1440 659 1504 clarius
705 1444 894 1523 esset,
944 1439 1301 1527 egredienti
1347 1461 1425 1502 ex
1470 1443 1699 1505 senatu
1745 1439 2008 1506 Caesari
2053 1441 2271 1525 gladio
2317 1441 2440 1504 mi-

418 1529 802 1593 nitarentur.

316 1616 403 1680 50
551 1614 726 1679 Dum
769 1616 930 1678 haec
974 1615 1047 1679 in
1093 1618 1323 1678 senatu
1370 1619 1654 1700 aguntur
1688 1620 1756 1680 et
1792 1616 1945 1681 dum
1980 1616 2216 1701 legatis
2253 1616 2440 1681 Allo-

422 1704 698 1787 brogum
759 1706 826 1766 et
879 1701 949 1765 Τ.
1004 1700 1377 1784 Volturcio,
1441 1704 1840 1787 conprobato
1897 1725 2121 1768 eorum
2174 1704 2438 1789 indicio,

421 1790 711 1874 praemia
772 1789 1228 1872 decernuntur,
1290 1790 1512 1854 liberti
1575 1796 1642 1855 et
1699 1791 1890 1875 pauci
1943 1814 2021 1856 ex
2086 1791 2435 1856 clientibus

422 1877 684 1942 Lentuli
739 1877 1014 1942 divorsis
1068 1877 1414 1942 itineribus
1470 1878 1733 1962 opifices
1790 1883 1985 1964 atque
2041 1878 2308 1945 servitia
2364 1880 2435 1943 in

421 1966 583 2029 vicis
621 1966 701 2029 ad
737 1986 885 2029 eum
919 1965 1325 2050 eripiundum
1365 1966 1825 2051 sollicitabant,
1867 1967 2110 2050 partim
2146 1967 2437 2052 exquire-

421 2053 584 2117 bant
637 2053 830 2117 duces
884 2053 1404 2138 multitudinum,
1468 2055 1580 2138 qui
1636 2055 1850 2138 pretio
1913 2077 2051 2119 rem
2102 2055 2434 2141 publicam

353 2157 385 2205 2
422 2162 654 2205 vexare
692 2141 872 2205 soliti
909 2146 1110 2206 erant.
1183 2141 1510 2227 Cethegus
1547 2147 1766 2206 autem
1799 2164 1917 2226 per
1950 2144 2215 2208 nuntios
2249 2143 2435 2207 fami—

423 2229 580 2292 liam
626 2232 820 2313 atque
865 2229 1138 2294 libertos
1185 2251 1356 2313 suos,
1393 2230 1599 2294 lectos
1645 2234 1712 2294 et
1748 2230 2155 2315 exercitatos,
2201 2231 2435 2296 orabat

421 2317 493 2381 in
556 2317 914 2402 audaciam,
982 2322 1058 2381 ut
1116 2339 1310 2403 grege
1374 2317 1549 2382 facto
1604 2340 1752 2382 cum
1807 2318 1956 2383 telis
2012 2318 2093 2382 ad
2147 2340 2286 2384 sese
2339 2320 2434 2384 in-

354 2422 385 2468 3
424 2410 812 2489 rumperent.
904 2405 1128 2470 consul
1173 2405 1285 2469 ubi
1333 2427 1409 2469 ea
1451 2406 1670 2489 parari
1728 2406 2051 2492 cognovit,
2095 2407 2432 2491 dispositis

423 2493 790 2577 praesidiis,
843 2497 920 2557 ut
976 2514 1081 2556 res
1137 2497 1332 2575 atque
1388 2496 1644 2577 tempus
1690 2494 2023 2579 monebat,
2078 2499 2432 2560 convocato

425 2586 654 2646 senatu
698 2581 916 2665 refert,
972 2581 1126 2663 quid
1173 2581 1250 2643 de
1297 2580 1391 2643 eis
1436 2581 1578 2645 fieri
1620 2582 1902 2665 placeat,
1952 2582 2065 2666 qui
2108 2582 2179 2646 in
2223 2587 2433 2648 custo-

425 2669 599 2733 diam
657 2668 884 2732 traditi
938 2671 1139 2731 erant.
1232 2668 1345 2731 sed
1399 2690 1510 2733 eos
1554 2669 1749 2754 paulo
1797 2673 1947 2733 ante
1990 2669 2294 2753 frequens
2342 2693 2433 2736 se-

355 2774 389 2820 4
424 2760 617 2822 natus
670 2756 1066 2819 iudicaverat
1122 2759 1350 2820 contra
1401 2778 1538 2820 rem
1581 2757 1909 2840 publicam
1953 2757 2201 2822 fecisse.
2289 2762 2431 2823 tum

424 2844 504 2908 D.
540 2843 763 2907 Iunius
804 2842 1060 2907 Silanus
1101 2843 1350 2927 primus
1389 2844 1777 2909 sententiam
1812 2850 2101 2931 rogatus,
2147 2846 2319 2929 quod
2355 2869 2430 2912 eo

426 2936 717 3015 tempore
764 2932 990 2996 consul
1034 2931 1408 3018 designatus
1455 2937 1615 3016 erat,
1658 2933 1735 2997 de
1781 2934 1902 3017 eis,
1952 2934 2064 3018 qui
2108 2934 2179 2998 in
2223 2939 2430 2999 custo-

427 3019 549 3083 diis
605 3018 1021 3102 tenebantur,
1075 3023 1144 3084 et
1200 3024 1539 3104 praeterea
1591 3021 1668 3086 de
1722 3021 1794 3086 L.
1842 3021 2070 3088 Cassio
2114 3021 2187 3086 P.
2231 3021 2427 3087 Furio

426 3106 497 3170 P.
525 3105 856 3171 Umbreno
888 3107 962 3183 Q.
989 3107 1224 3191 Α111110,
1263 3108 1319 3172 si
1357 3109 1738 3193 deprehensi
1772 3109 2007 3193 forent,
2044 3110 2428 3194 supplicium

429 3194 817 3258 sumundum
853 3194 1249 3282 decreverat3
1283 3197 1469 3281 isque
1504 3202 1735 3298 postea
1768 3201 2103 3280 permotus
2141 3198 2429 3263 oratione

428 3280 497 3348 C.
543 3280 838 3347 Caesaris
883 3283 1154 3366 pedibus
1197 3247 1268 3348 i1’1
1313 3284 1704 3349 sententiam
1738 3283 1833 3348 Ti.
1871 3283 2152 3350 Neronis
2188 3286 2427 3351 iturum

427 3392 496 3434 se
542 3369 733 3452 dixit,
780 3370 953 3453 quod
997 3372 1075 3434 de
1120 3393 1196 3435 ea
1241 3393 1310 3435 re
1354 3372 1692 3455 praesidiis
1739 3371 1980 3436 additis
2025 3373 2428 3440 referundum

358 3474 390 3522 5
429 3461 782 3522 censuerat.
874 3459 986 3523 sed
1031 3457 1285 3542 Caesar,
1328 3458 1444 3522 ubi
1489 3459 1569 3522 ad
1605 3479 1753 3523 eum
1786 3464 2054 3525 ventum
2090 3465 2209 3543 est,
2252 3483 2428 3547 roga-

428 3549 535 3609 tus
564 3545 954 3610 sententiam
982 3567 1022 3609 a
1049 3546 1311 3610 consule
1338 3545 1603 3610 huiusce
1623 3545 1799 3610 modi
1817 3548 2018 3612 verba
2034 3548 2289 3613 locutus
2308 3553 2425 3615 est?
