2650 4059
399 223 442 285 8
1053 221 1110 278 C.
1150 220 1489 277 SALLUSTI
1525 221 1756 278 CRISPI

397 368 510 452 qui
555 367 767 433 videre
811 366 1055 432 nemini
1102 366 1435 432 credibilia
1480 372 1652 452 sunt,
1697 390 1735 432 a
1775 367 2050 452 privatis
2088 372 2417 454 conpluri-

313 469 359 518 ἃ
397 455 518 521 bus
573 456 921 520 subvorsos
969 454 1227 537 montiS,
1273 455 1479 519 maria
1525 418 1858 520 con⁷strata
1894 457 2080 522 esse‘?
2173 460 2414 542 quibus

396 543 558 608 mihi
612 543 909 608 videntur
961 542 1243 606 ludibrio
1296 541 1499 607 fuisse
1555 543 1846 609 divitiae.
1911 545 2176 630 quippe,
2247 568 2409 631 quas

395 630 669 696 honeste
712 631 952 695 habere
997 629 1254 712 licebat,
1301 631 1486 694 abuti
1521 653 1639 715 per
1675 632 2147 715 turpitudinem
2181 657 2411 719 prope·

218 783 225 788 ,
323 733 357 781 3
396 720 646 784 rabant.
728 718 839 782 sed
874 717 1096 782 lubido
1135 680 1346 818 stupri
1382 739 1626 803 ganeae
1664 720 1990 803 ceterique
2027 720 2242 787 cultus
2277 745 2413 789 non

398 807 612 871 minor
664 806 1049 870 incesserat.
1105 805 1230 869 viri
1283 806 1629 872 muliebria
1672 808 1831 892 pati,
1878 808 2182 874 mulieres
2228 812 2413 894 pudi-

397 896 621 961 citiam
656 894 727 958 in
759 893 1106 977 propatulo
1143 893 1413 979 habere3
1448 896 1746 961 vescendi
1784 917 1979 961 causa
2015 900 2193 962 terra
2220 899 2416 963 mari·

400 1005 523 1067 que
570 981 788 1047 omnia
833 980 1196 1068 exquirere3
1253 982 1534 1046 dormire
1579 984 1759 1067 prius
1808 1006 2004 1067 quam
2049 986 2262 1050 somni
2308 1009 2414 1051 cu-

394 1071 546 1155 pido
595 1074 784 1154 esset,
828 1090 961 1134 non
1003 1069 1242 1133 famem
1287 1074 1402 1133 aut
1447 1070 1646 1156 sitim,
1693 1093 1902 1155 neque
1948 1071 2157 1157 frigus
2200 1096 2411 1158 neque

395 1157 848 1223 lassitudinem
902 1157 1211 1241 opperiri,
1267 1157 1380 1221 sed
1425 1180 1501 1222 ea
1546 1159 1764 1226 omnia
1807 1160 1964 1224 luxu
2009 1164 2411 1246 antecapere.

325 1260 361 1307 4
394 1247 554 1312 haec
606 1246 1037 1329 iuventutem,
1095 1245 1210 1309 ubi
1262 1244 1616 1311 familiares
1674 1269 1828 1331 opes
1881 1246 2298 1333 defecerant,
2330 1250 2412 1315 ad

326 1348 358 1396 5
395 1334 686 1400 facinora
747 1297 1200 1399 incendebant.
1265 1334 1518 1399 animus
1582 1335 1850 1399 inbutus
1908 1336 2095 1400 malis
2156 1300 2415 1403 artibus
2506 1350 2517 1357 ‘

394 1424 569 1488 haud
611 1422 803 1487 facile
848 1421 1246 1486 lubidinibus
1293 1422 1582 1507 carebat3
1628 1444 1704 1488 eo
1741 1422 2069 1506 profusius
2108 1425 2416 1491 omnibus

397 1512 606 1577 modis
654 1510 953 1595 quaestui
998 1512 1192 1592 atque
1238 1510 1529 1592 sumptui
1573 1510 1827 1575 deditus
1874 1515 2030 1574 erat.

293 1601 379 1665 14
572 1598 652 1662 In
706 1602 892 1661 tanta
945 1599 1208 1678 tamque
1273 1601 1591 1680 conrupta
1650 1599 1913 1663 civitate
1971 1597 2281 1682 Catilina,
2346 1596 2416 1664 id

400 1687 572 1770 quod
608 1685 787 1749 factu
823 1683 1228 1748 facillumum
1265 1687 1424 1767 erat,
1462 1686 1751 1750 omnium
1784 1686 2186 1771 flagitiorum
2213 1691 2414 1770 atque

397 1774 761 1839 facinorum
826 1772 1068 1837 circum
1132 1792 1200 1835 se
1264 1775 1600 1855 tamquam
1666 1774 2058 1857 stipatorum
2117 1778 2416 1840 catervas

329 1877 360 1925 2
395 1862 698 1926 habebat.
804 1882 958 1925 nam
1031 1859 1417 1943 quicumque
1481 1861 1819 1943 inpudicus
1886 1862 2139 1926 adulter
2202 1883 2420 1947 ganeo

398 1970 593 2014 manu
628 1952 851 2013 ventre
888 1969 1050 2032 pene
1087 1948 1260 2012 bona
1290 1948 1506 2032 patria
1532 1949 1947 2034 laceraverat,
1986 1950 2223 2033 quique
2263 1951 2417 2015 alie-

396 2059 555 2102 num
596 2058 705 2100 aes
743 2036 986 2122 grande
1025 2035 1436 2120 conflaverat,
1483 2057 1610 2119 quo
1648 2037 1973 2122 flagitium
2011 2041 2125 2101 aut
2160 2036 2419 2104 facinus

328 2142 360 2189 3
398 2125 771 2207 redimeret,
828 2127 1164 2207 praeterea
1219 2145 1442 2189 omnes
1488 2123 1770 2207 undique
1816 2125 2173 2208 parricidae
2220 2127 2418 2191 sacri-

397 2213 531 2298 legi
577 2212 858 2277 convicti
903 2211 1156 2276 iudiciis
1203 2216 1319 2275 aut
1354 2233 1473 2295 pro
1509 2211 1703 2288 factis
1741 2211 2050 2277 iudicium
2087 2213 2436 2299 timentes,

398 2300 480 2365 ad
509 2300 635 2365 hoc
664 2322 830 2383 quos,
865 2321 1093 2363 manus
1133 2303 1327 2382 atque
1365 2299 1589 2384 lingua
1624 2300 1908 2383 periurio
1948 2304 2062 2365 aut
2099 2302 2422 2386 sanguine

400 2389 575 2454 civili
622 2389 866 2471 alebat,
922 2392 1254 2471 postremo
1302 2409 1524 2452 omnes
1573 2409 1736 2471 quos
1782 2388 2106 2473 flagitium
2157 2394 2422 2473 egestas

400 2476 695 2542 conscius
743 2476 996 2540 animus
1043 2475 1447 2559 exagitabat,
1504 2475 1564 2540 ei
1610 2474 1931 2541 Catilinae
1977 2476 2278 2560 proxumi
2323 2476 2419 2541 fa-

327 2579 363 2628 4
399 2565 812 2647 miliaresque
859 2567 1058 2627 erant.
1142 2563 1313 2645 quod
1356 2563 1413 2626 si
1450 2563 1596 2645 quis
1634 2565 1833 2627 etiam
1871 2586 1910 2627 a
1948 2565 2137 2648 culpa
2176 2585 2420 2630 vacuus

399 2653 470 2717 in
522 2652 879 2716 amicitiam
935 2651 1071 2714 eius
1129 2650 1472 2733 inciderat,
1528 2649 1854 2715 cotidiano
1909 2673 2032 2714 usu
2079 2656 2274 2735 atque
2321 2651 2418 2716 in-

340 2749 375 2799 5
398 2739 672 2804 lecebris
718 2739 908 2803 facile
954 2760 1072 2822 par
1119 2737 1479 2820 similisque
1527 2737 1758 2801 ceteris
1807 2737 2228 2802 efficiebatur.
2301 2740 2419 2805 sed

400 2848 696 2891 maxume
729 2825 1236 2891 adulescentium
1263 2824 1747 2889 familiaritates
1777 2825 2151 2908 adpetebat:
2189 2847 2417 2892 eorum
2472 2880 2476 2884 .

356 2915 603 2979 animi
639 2915 871 2979 molles
909 2914 1108 2978 etiam
1147 2916 1213 2977 et
1249 2912 1408 2976 fluxi
1436 2912 1602 2976 dolis
1631 2912 1802 2976 haud
1832 2911 2181 2977 difficulter
2208 2915 2419 2997 capie-

329 3020 360 3067 6
399 3005 653 3068 bantur.
732 3024 885 3066 nam
922 3005 997 3064 ut
1034 3000 1341 3083 cuiusque
1380 3000 1667 3065 studium
1705 3022 1784 3064 ex
1821 3002 2034 3064 aetate
2072 2998 2421 3104 flagrabat,

400 3092 546 3156 aliis
594 3094 812 3155 scorta
847 3089 1172 3173 praebere,
1221 3087 1366 3151 aliis
1410 3109 1598 3152 canes
1638 3091 1834 3171 atque
1873 3108 2073 3170 equos
2111 3091 2418 3155 mercari.

397 3183 730 3263 postremo
782 3198 990 3260 neque
1045 3174 1336 3258 sumptui
1388 3196 1595 3258 neque
1652 3174 2005 3240 modestiae
2064 3197 2215 3242 suae
2273 3198 2417 3260 par-

328 3285 358 3333 ‘1
399 3289 568 3351 cere,
622 3267 775 3330 dum
828 3264 978 3328 illos
1034 3263 1349 3328 obnoxios
1404 3263 1694 3347 fidosque
1751 3264 1877 3328 sibi
1921 3263 2185 3329 faceret.
2276 3265 2413 3331 scio

397 3354 595 3418 fuisse
666 3375 797 3418 non
876 3350 1120 3436 nullos,
1203 3351 1313 3435 qui
1385 3351 1481 3415 ita
1552 3352 2047 3437 existumarent,
2124 3352 2416 3418 iuven-tu

398 3446 549 3525 tem,
596 3461 760 3524 quae
815 3439 1080 3505 domum
1125 3437 1445 3505 Catilinae
1491 3438 1977 3524 frequentabat,
2022 3463 2253 3523 parum
2303 3441 2415 3505 ho-

396 3532 585 3593 neste
638 3527 1020 3611 pudicitiam
1072 3527 1405 3614 habuisse3
1459 3529 1570 3592 sed
1624 3550 1702 3592 ex
1757 3528 1903 3593 aliis
1949 3528 2139 3593 rebus
2187 3528 2417 3614 magiS,
