2650 4059
400 228 581 284 XVIII
968 227 1066 281 DE
1104 227 1162 284 C.
1204 227 1593 283 SALLUSTIO
1632 226 1884 284 CRISPO

533 378 682 437 Scn.
728 395 885 437 suas,
934 380 991 444 6,
1035 378 1151 436 21.-

402 465 640 542 quoties
694 464 903 542 magni
959 464 1217 523 alicuius
1276 463 1395 524 viri
1452 483 1614 526 mors
1681 464 1756 524 ab
1813 465 2116 525 historicis
2178 470 2449 525 narrata

405 556 523 629 est,
577 554 760 613 toties
814 553 942 611 fere
988 552 1425 612 consummatio
1468 553 1661 612 totius
1714 551 1879 613 vitae
1926 557 1989 613 et
2033 555 2207 631 quasi
2253 556 2442 613 fune-

401 641 525 700 bris
579 640 851 701 laudatio
908 638 1199 699 redditur.
1288 639 1403 699 hoc
1446 641 1632 700 semel
1686 643 1796 700 aut
1838 641 2061 700 iterum
2105 661 2143 699 a
2187 641 2442 719 Thucy-

399 729 540 788 dide
586 730 842 804 factum,
896 727 1045 786 item
1098 727 1163 786 in
1215 728 1596 804 paucissimis
1649 729 1921 805 personis
1980 732 2349 806 usurpatum
2395 737 2476 788 a*

403 817 714 893 Sallustio,
761 815 829 874 T.
866 813 1075 876 Livius
1111 813 1433 893 benignius
1471 816 1746 875 omnibus
1780 816 2016 894 magnis
2060 817 2207 877 viris
2252 837 2438 893 prae-

401 904 592 965 stitit:
639 906 961 981 sequentes
1006 902 1279 963 historici
1320 905 1516 964 multo
1562 903 1625 963 id
1670 904 1920 963 effusius
1963 906 2257 964 fecerunt.

531 1046 619 1104 id.
667 1048 843 1103 contr.
889 1043 1017 1102 III
1042 1062 1141 1117 pr.
1186 1045 1257 1102 8.·

397 1131 699 1191 orationes
747 1129 1027 1191 Sallustii
1069 1130 1135 1190 in
1178 1130 1467 1191 honorem
1510 1131 1900 1191 historiarum
1946 1132 2239 1210 leguntur

529 1273 679 1332 Iust.
725 1273 852 1331 hist.
896 1272 1047 1331 Phil.
1099 1271 1480 1331 XXXVIII
1517 1274 1576 1339 3,
1624 1274 1702 1330 11
1720 1292 1742 1329 .-

399 1355 815 1437 (Pompeius
863 1350 1172 1438 Trogus)
1218 1360 1282 1418 in
1325 1358 1501 1421 Livio
1550 1361 1613 1419 et
1655 1359 1718 1417 in
1764 1358 2056 1420 Sallustio
2100 1363 2428 1439 reprehen-

400 1449 507 1524 dit,
553 1448 716 1525 quod
760 1447 1068 1507 contiones
1124 1447 1384 1507 directas
1438 1467 1547 1524 pro
1605 1465 1716 1506 sua
1764 1444 2098 1525 [propria‘?]
2148 1451 2427 1511 oratione

399 1536 568 1612 operi
611 1554 721 1595 suo
766 1534 1082 1595 inserendo
1126 1535 1415 1595 historiae
1459 1535 1708 1594 modum
1750 1537 2127 1596 excesserint.

534 1674 722 1735 Gram.
767 1675 958 1734 Licin.
1008 1674 1305 1734 XXXVI
1345 1673 1427 1749 (p.
1474 1678 1557 1733 43
1602 1675 1855 1749 Rom).-

400 1810 413 1823 .
454 1810 465 1822 .
506 1761 865 1823 Sallustium
907 1781 1029 1821 non
1072 1765 1146 1823 ut
1189 1761 1544 1822 historicum
1590 1764 1921 1824 scribunt
1964 1765 2071 1825 sed
2113 1769 2188 1825 ut
2223 1772 2427 1828 orato-

396 1871 524 1911 rem
568 1851 907 1928 legendum.
997 1869 1137 1909 nam
1193 1854 1257 1910 et
1298 1855 1574 1928 tempora
1626 1852 2010 1928 reprehendit
2054 1872 2166 1913 sua
2211 1860 2273 1915 et
2315 1858 2424 1916 de·-

396 1941 544 1999 licta
590 1935 915 2014 [delectai’]
964 1941 1157 2014 carpit
1199 1941 1262 1998 et
1307 1939 1615 1999 contiones
1659 1939 1873 2000 inserit
1917 1945 1979 2000 et
2023 1941 2130 2001 dat
2172 1942 2237 2001 in
2283 1962 2423 2005 cen-

397 2046 531 2086 sum
574 2028 711 2086 loca
753 2028 986 2086 montes
1031 2025 1283 2085 flumina
1338 2029 1401 2085 et
1443 2027 1557 2086 hoc
1602 2046 1793 2104 genus
1851 2048 2102 2088 amoena
2145 2034 2210 2091 et
2253 2034 2426 2094 culta

397 2119 461 2173 et
505 2117 796 2192 conparat
843 2114 1239 2173 edisserendO.

528 2253 736 2316 Avien.
784 2273 868 2315 or.
913 2273 1060 2315 mar.
1108 2257 1193 2314 36·
1235 2273 1352 2329 sqq
1400 2257 1605 2315 laudat
1645 2255 1888 2317 Sallusti

1349 2342 1625 2402 inclitam

714 2430 1206 2532 descriptionem,
1254 2450 1377 2508 qua
1419 2431 1689 2492 locorum
1732 2434 2056 2494 formulam

713 2518 1159 2597 imaginemque
1207 2538 1522 2595 expressor
1567 2519 1778 2579 efficax
1821 2522 1950 2580 stili

714 2609 778 2666 et
819 2606 1095 2666 veritatis
1128 2624 1321 2682 paene
1367 2606 1432 2665 in
1477 2606 1729 2666 obtutus
1773 2608 1941 2668 dedit

714 2695 941 2772 lepore·
965 2693 1229 2770 linguae.

526 2836 677 2895 Scn.
721 2839 895 2894 conor.
941 2833 1051 2893 IX
1089 2836 1145 2902 1,
1191 2836 1289 2892 13.
1337 2835 1447 2892 14.-

395 2923 761 3001 Thucydidis
821 2920 1029 2997 [immo
1092 2939 1160 2981 ex
1221 2924 1478 2980 oratione
1531 2922 1902 2981 Demostheni
1962 2923 2258 2995 adsorvspta
2314 2926 2424 2984 XI

381 3032 448 3087 p.
486 3012 607 3070 155
651 3011 726 3069 R.
772 3006 881 3084 13]
924 3009 1222 3069 sententia
1267 3010 1384 3068 est:
1430 3005 1619 3068 δειναὶ
1662 3005 1773 3087 γὰρ
1819 3008 1888 3067 αἰ
1924 3006 2229 3088 εὐπραξίαι
2272 3026 2413 3091 συγ-

392 3099 624 3180 κρύψαι
656 3094 758 3158 ml
791 3095 1101 3157 συσκιάσαι
1132 3093 1205 3155 τὰ
1243 3092 1500 3156 ἑκάστων
1536 3092 1932 3175 ἁμαρτήματα.
2006 3096 2260 3158 Sallusti
2294 3099 2412 3175 [or.

389 3189 538 3261 Lep.
564 3184 710 3261 24J:
754 3204 851 3245 res
897 3184 1194 3244 secundae
1229 3184 1381 3243 mire
1416 3188 1561 3243 sunt
1593 3183 1759 3244 vitiis
1796 3184 2090 3261 optentui.
2161 3204 2300 3245 cum
2333 3189 2415 3248 sit

389 3275 718 3352 praecipua
741 3274 806 3332 in
832 3272 1183 3349 Thucydide
1218 3271 1415 3333 virtus
1450 3271 1734 3349 brevitaS,
1770 3271 1883 3331 hac
1919 3292 2060 3333 eum
2086 3273 2414 3336 Sallustius

280 3416 284 3420 ,
391 3363 540 3424 vicit
584 3364 648 3421 et
690 3361 755 3420 in
801 3359 926 3420 suis
971 3360 1144 3419 illum
1190 3359 1405 3420 castris
1449 3360 1688 3438 cecidit3
1741 3379 1883 3420 nam
1928 3407 1942 3421 .
1982 3407 1996 3421 .
2044 3381 2118 3421 ex
2163 3362 2416 3425 Sallusti

390 3449 693 3508 sententia
743 3448 897 3507 nihil
955 3449 1114 3508 demi
1170 3447 1299 3508 sine
1360 3448 1717 3510 detrimento
1776 3467 1984 3510 sensus
2038 3453 2259 3528 potest.
2347 3453 2413 3513 T.

392 3540 597 3594 autem
632 3536 884 3597 Livius
920 3540 1049 3596 tam
1091 3536 1338 3615 iniquus
1374 3536 1667 3599 Sallustio
1712 3537 1858 3616 fuit,
1910 3542 1985 3599 ut
2025 3538 2181 3599 hanc
2222 3540 2415 3618 ipsam
