2650 4059
742 273 1036 328 BELLUM
1072 273 1458 329 CATILINAE
1496 291 1542 331 c.
1581 281 1706 331 53-
1721 281 1804 331 56.
2194 274 2276 338 37

263 441 415 483 cum
461 418 758 503 factiosO,
806 420 919 483 sed
965 441 1110 484 cum
1158 423 1422 483 strenuo
1468 419 1737 504 virtute,
1793 441 1940 484 cum
1985 419 2280 484 modesto

126 558 136 565 .
263 507 533 590 pudore,
572 529 719 572 cum
754 507 1096 571 innocente
1126 507 1526 571 abstinentia
1553 508 1874 591 certabat3
1911 529 2050 572 esse
2086 529 2281 590 quam

261 594 474 658 videri
511 595 720 659 bonus
757 594 1068 658 malebat:
1114 595 1228 679 ita,
1275 616 1403 679 quo
1446 594 1659 659 minus
1688 596 1956 678 petebat
1984 595 2280 680 gloriam,

263 704 340 745 eo
388 682 600 767 magis
647 681 834 746 illum
881 682 1371 765 adsequebatur.

397 768 775 854 Postquam,
819 773 896 833 ut
943 770 1101 853 dixi,
1148 775 1410 834 senatus
1456 771 1525 834 in
1572 769 1839 836 Catonis
1888 771 2279 834 sententiam
2299 770 2384 836 55

264 856 592 939 discessit,
657 857 882 922 consul
939 862 1278 942 optumum
1334 858 1513 922 factu
1566 862 1749 923 ratus
1801 862 2061 923 noctem
2118 879 2280 941 quae

262 944 558 1008 instabat
622 948 1030 1029 antecapere,
1100 968 1181 1010 ne
1251 945 1407 1028 quid
1479 967 1554 1010 eo
1629 947 1842 1031 spatio
1912 949 2279 1029 novaretur,
2369 1021 2373 1024 ¹

263 1031 643 1097 triumviros
708 1053 871 1116 quae
941 1034 1074 1113 [ad]
1142 1034 1531 1117 supplicium
1586 1034 1989 1118 postulabat,
2051 1055 2279 1118 parare

263 1120 465 1184 iubet.
525 1119 666 1204 ipse
710 1120 1052 1203 praesidiis
1090 1120 1427 1204 dispositis
1463 1120 1814 1186 Lentulum
1851 1121 1919 1186 in
1962 1143 2280 1186 carcerem
2317 1138 2349 1184 2

264 1207 553 1291 deducit3
598 1206 770 1271 idem
813 1207 893 1272 fit
934 1208 1165 1272 ceteris
1200 1230 1318 1293 per
1352 1213 1702 1292 praetores
1768 1213 1869 1274 est
1913 1209 1983 1273 in
2029 1231 2280 1273 carcere
2316 1227 2348 1273 3

263 1295 466 1377 locus,
495 1296 668 1378 quod
684 1295 1057 1360 Tullianum
1086 1296 1470 1381 appellatur,
1497 1297 1611 1361 ubi
1628 1297 1964 1380 paululum
1985 1298 2280 1361 ascende-

264 1383 358 1446 ris
397 1383 478 1447 ad
515 1383 783 1467 laevam,
821 1383 1079 1449 circiter
1113 1384 1452 1448 duodecim
1478 1384 1673 1468 pedes
1699 1384 1884 1449 humi
1912 1386 2281 1469 depressus3

266 1493 416 1535 eum
460 1471 764 1534 muniunt
807 1472 1090 1554 undique
1135 1472 1417 1554 parietes
1477 1475 1672 1555 atque
1716 1471 1981 1556 insuper
2026 1493 2280 1536 camera
2316 1489 2351 1535 4

265 1558 538 1642 lapideis
582 1557 940 1623 fornicibus
986 1558 1234 1643 iuncta3
1289 1561 1404 1624 sed
1458 1560 1708 1624 incultu
1753 1559 2038 1624 tenebris
2087 1559 2279 1623 odore

264 1646 456 1709 foeda
510 1649 707 1729 atque
763 1646 1074 1711 terribilis
1131 1647 1268 1711 eius
1324 1647 1524 1712 facies
1570 1651 1686 1712 est.
1775 1647 1846 1711 in
1882 1669 2028 1712 eum
2065 1648 2279 1711 locum
2318 1663 2348 1710 5

264 1736 620 1817 postquam
666 1734 981 1798 demissus
1019 1738 1121 1798 est
1157 1734 1492 1820 Lentulus,
1537 1736 1822 1800 vindices
1859 1757 2075 1800 rerum
2113 1734 2281 1818 capi-

264 1820 518 1904 talium,
565 1821 800 1904 quibus
835 1826 1255 1905 praeceptum
1291 1827 1449 1908 erat,
1485 1823 1717 1906 laqueo
1756 1823 1977 1908 gulam
2013 1823 2281 1908 fregere.

264 1909 362 1973 ita
405 1907 517 1971 ille
552 1909 866 1992 patricius
905 1931 982 1973 ex
1019 1914 1211 1994 gente
1249 1911 1629 1975 clarissuma
1665 1910 2129 1993 Corneliorum,
2168 1909 2279 1992 qui
2318 1929 2349 1976 6

265 1996 606 2061 consulare
641 1997 986 2081 imperium
1023 1997 1267 2062 Romae
1303 1999 1640 2083 habuerat,
1685 1999 1953 2084 dignum
1990 1999 2280 2063 moribus

262 2083 588 2168 factisque
636 2084 770 2148 suis
818 2085 1087 2148 exitium
1131 2086 1303 2150 vitae
1341 2087 1605 2151 invenit.
1695 2087 1772 2151 de
1811 2086 2101 2172 Cethego
2142 2084 2280 2150 Sta-

266 2170 415 2236 tilio
464 2170 742 2237 Gabinio
787 2170 1101 2255 Caepario
1148 2175 1372 2238 eodem
1409 2175 1601 2239 modo
1640 2171 2031 2258 supplicium
2069 2196 2281 2257 sump-

265 2264 412 2323 tum
458 2263 575 2324 est.

401 2345 575 2410 Dum
622 2370 698 2412 ea
742 2347 989 2412 Romae
1036 2354 1368 2433 geruntur,
1415 2348 1698 2415 Catilina
1744 2371 1821 2413 ex
1863 2350 2039 2414 omni
2076 2351 2278 2433 copia,
2299 2351 2383 2416 56

267 2457 467 2518 quam
512 2439 579 2499 et
622 2436 763 2520 ipse
809 2436 1162 2501 adduxerat
1198 2441 1264 2501 et
1300 2437 1582 2501 Manlius
1618 2437 1955 2519 habuerat,
2000 2437 2159 2501 duas
2194 2438 2280 2501 le-

267 2522 495 2608 giones
539 2523 849 2608 instituit,
895 2525 1183 2589 cohortis
1219 2547 1339 2608 pro
1374 2546 1644 2589 numero
1682 2524 1965 2589 militum
2003 2524 2279 2608 conplet.

267 2611 514 2695 deinde,
559 2614 634 2675 ut
681 2611 952 2695 quisque
997 2612 1401 2677 voluntarius
1448 2617 1563 2677 aut
1607 2635 1685 2677 ex
1731 2612 1923 2678 sociis
1959 2613 2030 2677 in
2067 2616 2280 2678 castra
2318 2630 2349 2677 2

265 2701 552 2782 venerat,
589 2700 946 2782 aequaliter
973 2700 1412 2784 distribuerat,
1441 2723 1516 2765 ac
1542 2701 1723 2766 brevi
1752 2701 1964 2785 spatio
1994 2702 2278 2787 legiones

265 2806 539 2850 numero
580 2786 919 2851 hominum
967 2787 1352 2872 expleverat,
1397 2811 1545 2854 cum
1588 2789 1779 2854 initio
1823 2812 1958 2854 non
2002 2789 2280 2874 amplius

268 2874 522 2938 duobus
568 2874 832 2938 milibus
877 2875 1230 2939 habuisset.
1320 2878 1431 2940 sed
1474 2899 1551 2941 ex
1589 2878 1764 2941 omni
1802 2877 1988 2962 copia
2025 2878 2281 2943 circiter
2317 2896 2349 2942 3

267 2982 422 3046 pars
478 2965 713 3046 quarta
767 2965 908 3025 erat
961 2963 1357 3028 militaribus
1413 2964 1610 3028 armis
1664 2964 2011 3049 instructa3
2066 2966 2281 3048 ceteri,

269 3052 346 3113 ut
392 3070 710 3133 quemque
757 3071 943 3114 casus
991 3055 1372 3135 armaverat,
1419 3073 1646 3136 sparos
1693 3055 1807 3114 aut
1848 3052 2121 3135 lanceas,
2169 3053 2280 3116 alii

272 3140 655 3219 praeacutas
712 3137 889 3202 sudis
943 3139 1314 3222 portabant.
1406 3140 1517 3203 sed
1553 3142 1907 3222 ‘postquam
1953 3140 2280 3205 Antonius
2317 3158 2351 3205 4

271 3245 419 3288 cum
465 3225 750 3289 exercitu
796 3226 1205 3309 adventabat,
1251 3225 1534 3291 Catilina
1576 3248 1693 3310 per
1738 3226 1981 3291 montis
2025 3226 2152 3291 iter
2191 3228 2280 3292 fa-

272 3332 441 3395 cere,
504 3312 698 3376 modo
762 3314 844 3377 ad
905 3313 1133 3377 urbem
1198 3315 1388 3378 modo
1436 3313 1726 3378 Galliam
1783 3336 2011 3379 vorsus
2068 3320 2282 3381 castra

271 3419 549 3482 movere,
584 3398 885 3464 hostibus
924 3401 1330 3465 occasionem
1365 3401 1697 3488 pugnandi
1730 3425 1865 3467 non
1898 3402 2067 3468 dare.
2143 3425 2281 3488 spe-

272 3486 462 3550 rabat
514 3507 715 3569 prope
770 3486 940 3551 diem
994 3509 1264 3572 magnas
1320 3490 1538 3573 copias
1590 3511 1729 3554 sese
1774 3489 2177 3575 habiturum,
2224 3493 2281 3556 si

274 3572 519 3638 Romae
567 3573 727 3637 socii
773 3573 1033 3659 incepta
1071 3575 1526 3659 patravissent.
1604 3577 1853 3643 interea
1888 3579 2154 3645 servitia
2187 3602 2280 3645 re·
2317 3596 2349 3645 5
