2650 4059
401 240 487 305 48
1061 241 1118 297 O.
1157 240 1502 297 SALLUSTI
1538 239 1771 297 CRISPI

332 402 363 452 '1
537 384 842 452 Ceterum
888 391 1037 451 ante
1083 388 1206 452 hos
1253 391 1347 469 te,
1392 385 1739 472 Iugurtha,
1796 386 1910 471 qui
1956 391 2171 452 aetate
2221 392 2291 452 et
2341 409 2441 451 sa-

403 473 650 558 pientia
712 475 893 558 prior
956 497 1056 559 es,
1118 496 1200 539 ne
1264 475 1457 539 aliter
1520 474 1675 558 quid
1741 474 2022 558 eveniat,
2085 475 2436 560 providere

406 562 605 626 decet.
694 584 846 627 nam
909 562 980 627 in
1036 563 1211 627 omni
1277 562 1630 627 certamine
1698 562 1813 663 gui
1877 562 2250 646 opulentior
2315 568 2439 647 est,

406 649 607 714 etiam
634 649 691 714 si
720 649 1003 735 accipit
984 650 1307 734 miuriam,
1337 654 1574 734 tamen,
1605 650 1759 734 quia
1776 650 1924 734 plus
1952 654 2191 734 potest,
2219 650 2438 716 facere

337 753 369 802 8
408 737 682 802 videtur.
781 759 897 802 vos
963 742 1209 822 autem,
1273 737 1607 802 Adherbal
1672 742 1741 802 et
1798 737 2166 823 Hiempsal,
2233 739 2438 804 colite

408 826 746 891 observate
803 826 1004 891 talem
1057 826 1230 891 hunc
1283 826 1522 908 virum,
1587 825 1939 891 imitamini
1993 826 2311 891 virtutem
2367 831 2438 891 et

409 913 758 998 enitimini,
810 935 892 977 ne
948 935 1068 999 ego
1124 914 1425 978 meliores
1491 876 1734 979 liberos
1800 913 2155 997 sumpsisse
2211 915 2439 979 videar

410 1023 606 1085 quam
652 1000 993 1088 genuisse?

307 1091 381 1156 11
541 1088 645 1153 Ad
682 1111 760 1154 ea
784 1089 1121 1175 Iugurtha,
1159 1091 1426 1154 tametsi
1463 1110 1684 1191 regem
1719 1089 1875 1154 ficta
1911 1090 2203 1155 locutum
2241 1090 2434 1155 intel-

408 1178 672 1262 legebat
727 1183 795 1242 et
847 1178 987 1263 ipse
1040 1179 1232 1264 longe
1294 1178 1488 1242 aliter
1542 1179 1758 1243 31111110
1822 1177 2145 1262 agitabat,
2209 1181 2437 1243 tamen

408 1286 528 1349 pro
575 1269 866 1351 tempore
912 1266 1191 1352 benigne
1237 1266 1590 1350 respondit.

339 1370 371 1416 2
541 1352 816 1439 Micipsa
858 1354 1082 1456 paucis
1127 1357 1282 1438 post
1319 1353 1545 1419 diebus
1583 1354 1877 1419 moritur.
1936 1358 2290 1439 postquam
2329 1354 2435 1418 illi

408 1464 588 1507 more
633 1443 814 1529 regio
859 1442 1035 1507 iusta
1089 1441 1429 1528 magnifice
1476 1441 1791 1524 fecerant,
1845 1442 2058 1528 reguli
2111 1441 2182 1506 in
2226 1464 2435 1507 unum

410 1534 871 1613 convenerunt,
933 1535 1009 1595 ut
1055 1530 1227 1594 inter
1271 1551 1341 1594 se
1405 1530 1483 1594 de
1542 1530 1792 1594 cunctis
1837 1530 2124 1615 negotiis
2185 1530 2435 1615 discep-

340 1633 370 1679 3
409 1622 642 1682 tarent.
717 1617 829 1682 sed
874 1616 1232 1702 Hiempsal,
1280 1617 1392 1700 qui
1437 1617 1765 1682 minumus
1812 1639 1891 1682 ex
1935 1618 2067 1681 illis
2115 1622 2274 1702 erat,
2319 1641 2435 1684 na·

410 1709 560 1769 tura
603 1704 785 1769 ferox
831 1709 897 1769 et
932 1705 1063 1769 iam
1103 1709 1294 1769 antea
1330 1705 1817 1790 ignobilitatem
1853 1704 2230 1790 Iugurthae,
2277 1707 2436 1789 quia

410 1796 703 1857 materno
758 1812 991 1877 genere
1036 1793 1225 1877 inpar
1271 1797 1439 1878 erat,
1486 1793 1867 1878 despiciens,
1913 1794 2142 1858 dextra
2184 1792 2435 1858 Adher—

410 1881 622 1945 balem
667 1880 944 1965 adsedit,
997 1903 1077 1946 ne
1124 1881 1377 1946 medius
1433 1903 1511 1946 ex
1556 1881 1798 1965 tribus,
1854 1882 2026 1965 quod
2080 1882 2252 1965 apud
2296 1880 2436 1946 Nu·

339 1983 371 2030 4
410 1968 616 2032 midas
669 1968 903 2034 honori
967 1969 1249 2053 ducitur,
1312 1969 1637 2054 Iugurtha
1699 1968 1888 2033 foret.
1990 1968 2138 2035 dein
2191 1973 2435 2054 tamen,

409 2060 484 2121 ut
529 2057 731 2120 aetati
768 2057 1166 2142 concederet,
1210 2056 1528 2143 fatigatus
1567 2080 1607 2122 a
1640 2056 1861 2141 fratre,
1906 2057 2016 2122 vix
2059 2057 2130 2121 in
2173 2061 2432 2142 partem

340 2158 371 2206 5
410 2144 683 2209 alteram
736 2147 1153 2211 transductus
1200 2150 1319 2210 est.
1410 2146 1507 2210 ibi
1562 2168 1708 2211 cum
1763 2146 1973 2210 multa
2026 2147 2104 2210 de
2161 2145 2433 2210 admini-

409 2234 678 2297 strando
723 2232 997 2318 imperio
1043 2234 1460 2318 dissererent,
1515 2232 1835 2319 Iugurtha
1887 2233 2060 2297 inter
2115 2234 2277 2298 alias
2324 2255 2431 2299 res

408 2321 565 2386 iacit
639 2326 938 2405 oportere
994 2321 1393 2407 quinquenni
1448 2322 1748 2386 consulta
1793 2324 1860 2385 et
1906 2322 2165 2386 decreta
2211 2322 2435 2387 omnia

408 2409 715 2494 rescindi,
777 2432 930 2475 nam
991 2431 1109 2494 per
1166 2432 1244 2474 ea
1296 2415 1595 2494 tempora
1649 2409 2015 2475 confectum
2078 2409 2263 2474 annis
2310 2408 2432 2474 Mi-

339 2513 370 2560 6
409 2498 657 2582 eipsam
711 2521 943 2583 parum
998 2497 1214 2562 animo
1269 2499 1570 2564 valuisse.
1662 2502 1804 2563 tum
1858 2497 2031 2562 idem
2086 2496 2429 2582 Hiempsal

407 2588 662 2670 placere
720 2587 846 2650 sibi
891 2585 1253 2669 respondit,
1305 2605 1461 2649 nam
1513 2587 1730 2671 ipsum
1782 2586 1972 2650 illum
2025 2584 2237 2650 tribus
2283 2608 2428 2670 pro·

340 2690 369 2737 ⁷
407 2675 619 2738 xumis
667 2673 853 2738 annis
900 2672 1319 2756 adoptatione
1365 2674 1436 2737 in
1481 2696 1753 2760 regnum
1799 2673 2187 2758 pervenisse.
2256 2674 2431 2758 quod

408 2762 680 2826 verbum
734 2761 804 2825 in
855 2764 1082 2845 pectus
1128 2760 1490 2847 Iugurthae
1546 2762 1773 2846 altius,
1829 2783 2026 2845 quam
2081 2761 2429 2845 quisquam

339 2863 371 2912 8
409 2851 590 2912 ratus
645 2852 811 2932 erat,
866 2848 1214 2912 descendit.
1306 2849 1530 2934 itaque
1584 2872 1662 2914 ex
1716 2871 1792 2914 eo
1850 2853 2144 2933 tempore
2199 2850 2301 2913 ira
2361 2853 2431 2914 et

408 2939 588 3000 metu
633 2936 859 3001 anxius
906 2936 1122 3001 moliri
1167 2959 1400 3021 parare
1447 2942 1640 3022 atque
1678 2959 1755 3001 ea
1790 2937 1983 3001 modo
2023 2958 2171 3002 cum
2208 2937 2428 3002 animo

338 3039 369 3087 9
407 3023 665 3107 habere,
712 3023 946 3107 quibus
991 3023 1333 3109 Hiempsal
1379 3048 1497 3111 per
1541 3025 1763 3090 dolum
1810 3028 2166 3109 caperetur.
2259 3046 2428 3110 quae

408 3110 521 3176 ubi
560 3111 809 3176 tardius
845 3112 1206 3197 procedunt
1241 3136 1450 3198 neque
1485 3114 1729 3178 lenitur
1765 3113 2019 3178 animus
2056 3112 2257 3197 ferox,
2295 3118 2429 3179 sta-

408 3199 540 3263 tuit
578 3199 806 3283 quovis
851 3201 1042 3265 modo
1087 3199 1422 3286 inceptum
1466 3202 1790 3286 perficere.

311 3287 387 3353 12
540 3286 761 3352 Primo
819 3292 1167 3372 conventu,
1233 3312 1427 3373 quem
1483 3290 1565 3354 ab
1623 3289 1869 3374 regulis
1925 3289 2176 3356 factum
2228 3311 2430 3375 supra

408 3375 789 3459 memoravi,
833 3380 1102 3461 propter
1145 3376 1616 3442 dissensionem
1660 3377 1998 3461 placuerat
2043 3378 2244 3443 dividi
2290 3378 2429 3443 the-

336 3477 369 3525 2
409 3485 635 3528 3311103
681 3426 958 3547 finisque
1003 3465 1237 3550 imperi
1284 3464 1561 3551 singulis
1608 3464 1940 3530 constitui.
1997 3466 2221 3549 itaque
2266 3469 2429 3531 tem-

405 3573 528 3635 pus
593 3552 674 3616 ad
736 3556 1079 3635 utramque
1143 3574 1281 3618 rem
1339 3552 1732 3637 decernitur,
1797 3553 1909 3617 sed
1968 3554 2289 3618 maturius
2346 3554 2428 3619 ad
