2650 4059
305 263 310 268 .
361 204 446 267 76
1014 203 1073 259 C.
1114 200 1457 256 SALLUSTI
1495 200 1723 257 CRISPI

96 407 111 417 .
407 349 534 412 ello
564 369 729 425 Efflu-
752 347 986 431 forent,
1034 351 1435 430 conportarc,
1473 350 1674 431 ratuS,
1710 345 1778 409 id
1815 346 1988 429 quod
2023 367 2128 409 res
2166 368 2380 411 mone·

30 349 494 524 Mat,
529 435 964 519 frequentiam
996 436 1484 519 negotiatorum
1521 438 1589 499 et
1627 438 1970 499 conmeatu
2009 434 2382 499 iuvaturam

292 541 323 586 3
363 524 718 589 exercitum
763 527 829 587 et
864 523 996 587 iam
1032 523 1280 606 paratis
1317 523 1512 587 rebus
1549 522 1952 586 munimento
1989 522 2149 586 fore.
2207 521 2396 603 inter,

361 613 521 677 haec
563 612 830 697 negotia
874 610 1195 695 Iugurtha
1238 611 1570 694 inpensius
1614 609 1806 674 modo
1843 610 2099 694 legatos
2138 610 2382 694 suppli-

364 722 468 765 ces
514 701 795 783 mittere,
838 721 1064 782 pacem
1112 720 1315 783 orare,
1359 702 1619 782 praeter
1664 719 1850 763 suam
1898 697 2381 799 liberorumque

294 803 328 850 4
364 788 571 853 vitam
628 787 845 852 omnia
889 785 1156 851 Metello
1213 786 1458 851 dedere.
1549 807 1711 870 quos
1766 787 1925 849 item
1977 785 2077 849 uti
2129 786 2383 868 priores

365 876 590 940 consul
626 876 899 939 inlectos
924 875 1004 939 ad
1037 874 1475 958 proditionem
1507 874 1771 953 domum
1808 873 2202 957 dimittebat,
2241 873 2380 959 regi

41 975 253 1068 m
361 985 615 1048 pacem,
663 984 858 1046 quam
901 963 1311 1046 postulabat,
1356 983 1563 1046 neque
1610 949 1892 1036 abnuere
1940 982 2150 1045 neque
2193 961 2381 1044 polli-
2421 929 2536 1044 V

328 1051 496 1116 'ceri
533 1055 600 1115 et
635 1051 807 1114 inter
844 1072 952 1114 eas
992 1072 1206 1115 moras
1243 1050 1568 1133 promissa
1605 1050 1976 1135 legatorum
2022 1053 2383 1133 expectare.

257 1139 344 1204 48
497 1138 819 1224 Iugurtha
872 1138 986 1202 ubi
1041 1138 1292 1203 Metelli
1348 1138 1524 1210 dicta
1578 1159 1725 1203 cum
1776 1137 1970 1202 factis
2035 1137 2385 1221 conposuit

365 1249 440 1291 ac
496 1248 563 1291 se
611 1227 745 1291 suis
790 1226 1044 1291 artibus
1090 1226 1404 1310 temptari
1449 1226 1942 1309 animadvortit,
1989 1225 2228 1309 quippe
2250 1227 2257 1232 ’
2278 1226 2385 1289 0111

364 1314 577 1394 verbis
632 1336 760 1399 pax
811 1314 1263 1397 nuntiabatur,
1323 1318 1611 1378 ceterum
1654 1336 1760 1389 re
1787 1313 2032 1378 bellum
2087 1335 2387 1397 asperru-

365 1425 543 1467 mum
590 1407 757 1486 erat,
802 1403 958 1467 urbs
1005 1424 1308 1467 maxuma
1354 1402 1666 1483 alienata,
1722 1422 1877 1487 ager
1928 1401 2232 1466 hostibus
2283 1423 2387 1466 co-

366 1492 606 1575 gnitus,
652 1490 852 1555 animi
896 1491 1307 1591 popularium
1353 1453 1678 1574 temptati,
1725 1492 1988 1554 coactus
2025 1511 2242 1553 rerum
2279 1511 2388 1554 ne-

295 1593 326 1640 2
367 1578 755 1643 cessitudine
819 1578 1057 1642 statuit
1120 1578 1317 1642 armis
1394 1582 1660 1643 certare.
1766 1577 1973 1663 igitur
2042 1578 2386 1660 explorato

364 1666 654 1731 hostium
699 1666 950 1750 itinere,
995 1666 1066 1729 in
1110 1687 1293 1749 spem
1330 1666 1641 1730 victoriae
1679 1665 1992 1731 adductus
2034 1687 2113 1730 ex
2149 1687 2387 1766 oppor-

120 1797 123 1801 ι
365 1754 648 1818 tunitate
704 1754 858 1836 loci,
915 1775 1108 1837 quam
1164 1775 1500 1817 maxumas
1554 1758 1776 1838 potest
1825 1753 2044 1836 copias
2091 1753 2387 1818 omnium

367 1863 675 1927 generum
737 1845 928 1924 parat
990 1863 1064 1906 ac
1126 1864 1243 1925 per
1306 1842 1605 1906 tramites
1672 1841 1960 1906 occultos
2025 1841 2383 1906 exercitum

37 1877 616 2056 amiel-,elli
663 1930 1010 1997 antevenit.

297 2034 328 2080 3
499 2017 665 2081 Erat
689 2015 779 2081 Vin
824 2039 898 2081 ea
942 2022 1128 2102 parte
1166 2016 1533 2101 Numidiae,
1579 2039 1774 2102 quam
1812 2016 2142 2082 Adherbal
2185 2018 2256 2081 in
2295 2018 2389 2082 di-

365 2104 613 2169 visione
666 2106 1070 2190 possederat,
1132 2106 1374 2170 fiumen
1429 2106 1642 2170 oriens
1702 2127 1741 2169 a
1794 2105 2059 2170 meridie
2115 2106 2387 2170 nomine

365 2192 654 2277 Muthul,
701 2216 739 2258 a
785 2215 912 2277 quo
961 2195 1185 2258 aberat
1230 2216 1416 2258 mons
1461 2193 1663 2258 ferme
1710 2193 1893 2257 milia
1935 2215 2247 2277 passuum
2294 2195 2387 2259 vi-

366 2282 535 2368 ginti
591 2285 807 2361 tractu
832 2283 1011 2366 Q,
1061 2286 1285 2347 vastus
1335 2282 1414 2345 ab
1461 2285 1697 2348 natura
1741 2286 1808 2345 et
1851 2281 2136 2346 humano
2183 2282 2385 2346 cultu.
2421 2298 2427 2303 '

368 2371 478 2434 sed
526 2392 603 2435 ex
649 2380 742 2436 eo'
771 2372 982 2436 medio
1029 2371 1217 2455 quasi
1263 2370 1448 2434 collis
1498 2369 1853 2454 oriebatur,
1899 2371 1970 2433 111
2013 2369 2385 2433 inmensum

365 2460 770 2544 pertingens,
823 2459 1099 2524 vestitus
1157 2458 1440 2522 oleastro
1488 2479 1562 2522 ac
1608 2457 1910 2523 murtetis
1956 2457 2231 2540 aliisque
2277 2479 2385 2542 ge-

365 2547 628 2611 neribus
693 2547 1027 2629 arborum,
1091 2567 1253 2628 quae
1316 2546 1499 2609 humi
1563 2546 1767 2609 arido
1807 2550 2004 2632 Qe
2057 2545 2383 2620 harenoso

296 2650 329 2697 4
368 2636 743 2719 gignuntur.
849 2634 1062 2698 media
1133 2636 1351 2696 autem
1403 2634 1720 2733 planities
1784 2634 2040 2698 deserta
2110 2655 2384 2717 penurla

367 2743 571 2805 aquae
626 2725 886 2806 praeter
934 2720 1186 2784 flumini
1230 2721 1596 2805 propinqua
1622 2722 1810 2807 loca3
1865 2743 1942 2785 ea
1988 2721 2240 2786 consita
2285 2744 2385 2785 ar-

366 2809 577 2873 bustis
622 2830 852 2892 pecore
899 2812 1094 2892 atque
1142 2808 1499 2873 cultoribus
1545 2809 2140 2892 frequentabantur.

261 2898 346 2961 49
499 2896 714 2982 Igitur
766 2897 834 2960 in
888 2918 964 2960 eo
1022 2896 1211 2980 colle,
1266 2918 1459 2980 quem
1515 2901 1891 2962 transvorso
1946 2898 2176 2962 itinere
2235 2919 2384 2981 por—

367 2989 618 3050 rectum
680 2984 1040 3068 docuimuS,
1103 2983 1425 3069 Iugurtha
1496 2989 1843 3049 extenuata
1906 3007 2171 3050 suorum
2242 2987 2385 3049 acio

369 3074 676 3139 consedit.
741 3072 1101 3156 elephantis
1140 3077 1207 3136 et
1241 3073 1417 3156 parti
1455 3074 1789 3156 copiarum
1824 3074 2220 3157 pedestrium
2256 3073 2386 3138 Bo-

367 3162 698 3226 milcarem
753 3160 1066 3243 praefecit
1110 3182 1385 3244 eumque
1431 3161 1654 3225 edocet
1701 3182 1863 3245 quae
1910 3164 2150 3246 ageret.
2238 3161 2384 3245 ipse

366 3250 633 3334 propior
687 3252 976 3313 montem
1033 3271 1179 3314 cum
1226 3249 1402 3314 omni
1448 3249 1746 3332 equitatu
1792 3253 1860 3313 et
1904 3249 2232 3332 peditibus
2279 3249 2384 3314 de·

297 3354 328 3401 2
367 3338 554 3402 lectis
610 3358 761 3402 suos
819 3337 1133 3402 conlocat.
1165 3383 1186 3395 ,.
1224 3338 1370 3401 dein
1426 3336 1717 3421 singulas
1768 3341 2019 3401 turmas
2071 3341 2137 3401 et
2181 3339 2383 3401 mani·

366 3426 556 3510 pulos
596 3425 978 3494 circumiens
1015 3429 1235 3490 monet
1272 3429 1471 3509 atque
1508 3425 1895 3510 obtestatur,
1931 3425 2032 3488 uti
2058 3446 2381 3490 memores

365 3513 681 3597 pristinae
736 3514 1000 3578 virtutis
1057 3517 1124 3577 et
1176 3512 1487 3577 victoriae
1543 3534 1682 3577 sese
1738 3534 2136 3598 regnumque
2191 3535 2383 3578 suum
