2650 4059
656 190 952 243 BELLUM
988 189 1507 245 IUGURTfflNUM
1544 208 1588 247 c.
1609 198 1846 247 -15—18.
2166 193 2253 257 55

234 336 572 401 occidente
617 335 860 399 fretum
895 336 1107 398 nostri
1143 335 1343 398 maris
1389 338 1456 399 et
1486 335 1741 420 Oceani,
1789 338 1869 400 ab
1909 341 2056 401 ortu
2095 338 2252 401 solis

233 424 553 488 declivem
606 422 1045 506 latitudinem,
1110 444 1300 505 quem
1355 423 1571 487 locum
1627 423 2108 488 Catabathmon
2160 426 2251 488 in-

235 512 418 576 colae
467 511 815 594 appellant.
879 532 1054 574 mare
1102 532 1362 574 saevom
1397 510 1877 596 inportuosum3
1923 532 2077 596 ager
2122 512 2251 576 fru-
2288 532 2319 577 5

235 621 396 685 gum
442 598 707 682 fertilis,
761 598 969 661 bonus
1031 598 1276 682 pecori,
1337 599 1556 663 arbori
1609 598 2015 684 infecundus3
2072 601 2247 664 caelo

236 693 543 769 terraque
596 686 866 769 penuria
921 707 1251 768 aquarum.
1351 707 1554 772 genus
1613 687 1951 751 hominum
2006 688 2250 751 salubri
2286 707 2319 754 6

237 796 537 857 corpore,
591 774 805 857 velox,
856 774 1112 856 patiens
1158 774 1473 838 laborum.
1562 776 1906 858 plerosque
1953 780 2248 840 senectus

235 861 566 945 dissolvit,
628 861 757 925 nisi
817 861 929 944 qui
991 861 1163 925 ferro
1229 866 1343 925 aut
1405 862 1634 926 bestiis
1698 862 2033 948 interiere3
2095 885 2248 927 nam

236 950 505 1015 morbus
551 949 725 1014 haud
771 970 960 1033 saepe
1008 971 1399 1032 quemquam
1445 955 1734 1035 superat,
1790 951 1870 1014 ad
1907 951 2031 1015 hoc
2068 951 2245 1014 mali·
2419 1020 2423 1026 ‚

233 1038 345 1103 fici
392 1038 648 1123 generis
693 1036 995 1121 pluruma
1029 1037 1351 1101 animalia.
1377 1032 1527 1114 ised
1564 1039 1676 1121 qui
1710 1038 2020 1111 mortales
2056 1040 2246 1102 initio
2287 1057 2316 1104 7
2341 1004 2631 1106 Amow

234 1125 533 1191 Africam
568 1125 932 1208 habuerint,
972 1125 1208 1208 quique
1243 1129 1476 1208 postea
1511 1126 1922 1211 adcesserint,
1969 1131 2082 1190 aut
2119 1148 2246 1210 quo

234 1215 432 1279 modo
478 1214 650 1277 inter
696 1234 763 1277 se
807 1213 1113 1295 permixti
1159 1213 1322 1295 sint,
1370 1234 1759 1296 quamquam
1808 1215 1889 1278 ab
1938 1236 2015 1278 ea
2057 1214 2248 1297 fama,

116 1297 121 1334 ³
234 1324 405 1387 quae
449 1302 792 1384 plerosque
840 1301 1118 1384 optinet,
1174 1300 1505 1364 divorsum
1550 1303 1678 1383 est,
1737 1305 1973 1385 tamen,
2025 1303 2125 1365 uti
2171 1324 2249 1366 ex

232 1389 425 1455 libris
470 1388 753 1472 Punicis,
799 1388 911 1471 qui
955 1387 1128 1472 regis
1171 1387 1567 1471 Hiempsalis
1615 1388 2009 1472 dicebantur,
2054 1389 2248 1452 inter-

233 1481 568 1562 pretatum
612 1476 801 1540 nobis
850 1480 951 1539 est
1003 1476 1228 1559 utique
1283 1497 1421 1539 rem
1477 1498 1615 1540 sese
1668 1476 1906 1540 habere
1963 1478 2246 1541 cultores

234 1567 377 1629 eius
425 1569 634 1628 terrae
670 1567 923 1647 putant,
970 1584 1165 1646 quam
1199 1563 1629 1646 paucissumis
1668 1565 1897 1629 dicam.
1961 1568 2247 1629 ceterum

233 1655 397 1719 fides
442 1652 579 1716 eius
626 1652 719 1715 rei
763 1673 959 1735 penes
1007 1655 1302 1715 auctores
1350 1652 1489 1715 erit.
2411 1718 2415 1721 Α

369 1741 662 1806 Africam
714 1739 903 1802 initio
956 1739 1238 1802 habuere
1287 1738 1547 1803 Gaetuli
1603 1743 1670 1803 et
1714 1739 1953 1824 Libyes
1962 1793 1979 1824 ,
2035 1741 2247 1825 asperi
2269 1743 2352 1807 18⁵

232 1829 621 1912 incultique,
682 1827 825 1911 quis
890 1827 1071 1891 cibus
1132 1831 1271 1890 erat
1331 1849 1479 1892 caro
1542 1827 1752 1892 ferina
1814 1833 2007 1912 atque
2064 1828 2247 1892 humi

232 1918 548 2002 pabulum
590 1915 691 1978 uti
734 1915 1095 1999 pecoribus
1159 1915 1219 1978 ei
1262 1937 1468 1998 neque
1514 1917 1804 1980 moribus
1849 1938 2054 2000 neque
2101 1917 2245 2001 lege
2284 1934 2330 1979 a

234 2009 353 2070 aut
388 2003 661 2089 imperio
691 2003 1069 2086 cuiusquam
1106 2004 1524 2087 regebantur:
1570 2004 1723 2088 vagi
1758 2005 2055 2087 palantes
2086 2027 2245 2088 quas

232 2115 367 2157 nox
420 2095 721 2176 coegerat
777 2091 958 2154 sedes
1011 2090 1357 2155 habebant.
1448 2092 1560 2156 sed
1611 2096 1960 2175 postquam
2012 2093 2082 2156 in
2134 2092 2248 2156 Hi·
2283 2109 2314 2156 3

233 2179 467 2265 spania
505 2179 837 2262 HerculeS,
885 2178 1078 2242 sicuti
1122 2178 1270 2242 Afri
1313 2183 1567 2264 putant,
1612 2180 1879 2263 interiit,
1926 2181 2247 2244 exercitus

231 2270 376 2334 eius
387 2319 405 2351 ,
461 2267 834 2350 conpositus
891 2288 968 2330 ex
1013 2267 1209 2330 variis
1264 2267 1570 2351 gentibus
1581 2317 1598 2349 ,
1662 2268 1900 2330 amisso
1958 2268 2115 2332 duce
2171 2290 2247 2333 ac

229 2356 485 2441 passim
529 2355 754 2418 multis
801 2354 928 2417 sibi
974 2353 1245 2437 quisque
1281 2354 1625 2437 imperium
1659 2355 2033 2437 petentibus
2063 2356 2244 2419 brevi

232 2444 564 2509 dilabitur.
675 2464 755 2506 ex
816 2464 891 2507 eo
954 2464 1223 2506 numero
1288 2441 1464 2505 Medi
1522 2441 1759 2506 Persae
1823 2446 1890 2506 et
1951 2442 2246 2506 Armenii
2282 2463 2314 2508 4
2369 2447 2390 2454 ‘

229 2532 510 2598 navibus
556 2531 626 2595 in
667 2528 961 2595 Africam
1006 2530 1360 2593 transvecti
1405 2551 1755 2614 proxumos
1808 2535 2033 2594 nostro
2082 2532 2245 2595 mari

231 2621 418 2685 locos
473 2638 890 2702 occupavere,
946 2618 1057 2681 sed
1110 2616 1347 2681 Persae
1403 2618 1578 2682 intra
1636 2618 1959 2683 Oceanum
2017 2620 2244 2704 magiS,
2285 2639 2313 2684 5

233 2708 425 2791 eique
489 2706 705 2771 alveos
766 2706 1030 2770 navium
1084 2706 1380 2770 invorsos
1432 2728 1551 2789 pro
1598 2708 1879 2792 tuguriis
1943 2707 2244 2792 habuere,
2581 2778 2598 2784 ‚‚

232 2798 392 2880 quia
425 2816 635 2878 neque
672 2795 947 2858 materia
981 2794 1051 2857 in
1087 2794 1262 2879 agris
1297 2816 1506 2877 neque
1535 2795 1616 2858 ab
1645 2795 1957 2879 Hispanis
1986 2797 2244 2860 emundi
2281 2766 2637 2870 stambssſj‘ste

232 2888 351 2948 aut
378 2882 673 2947 mutandi
701 2882 887 2965 copia
914 2886 1078 2945 erat:
1116 2904 1291 2946 mare
1328 2903 1638 2966 magnum
1667 2888 1733 2947 et
1767 2885 1996 2968 ignara
2022 2885 2247 2968 lingua
2284 2905 2314 2951 6

234 2969 624 3037 commercio
669 2970 1120 3054 prohibebant.
1166 2971 1225 3033 ei
1269 2969 1586 3053 paulatim
1620 2992 1737 3052 per
1774 2971 2049 3034 conubia
2088 2971 2245 3035 Grae·
2284 2992 2313 3039 7

233 3061 412 3124 tulos
462 3080 681 3122 secum
718 3058 1032 3122 miscuere
1070 3062 1154 3142 et,
1201 3059 1354 3141 quia
1391 3079 1581 3140 saepe
1618 3061 2014 3140 temptantes
2053 3080 2244 3142 agros

233 3148 382 3231 alia,
429 3145 654 3210 deinde
702 3146 831 3209 alia
875 3147 1019 3209 loca
1062 3145 1446 3229 petiverant,
1492 3149 1697 3209 semet
1741 3145 1871 3228 ipsi
1915 3144 2242 3210 Nomadas

233 3235 660 3319 appellavere.
727 3237 1012 3298 ceterum
1050 3234 1257 3296 adhuc
1285 3232 1577 3297 aedificia
1603 3232 2032 3297 Numidarum
2069 3256 2245 3319 agre-
2284 3252 2313 3299 8

234 3325 456 3406 stium,
504 3343 666 3406 quae
703 3317 986 3404 mapalia
1020 3321 1119 3383 illi
1155 3325 1408 3404 vocant,
1454 3321 1738 3406 oblonga
1773 3321 2054 3386 incurvis
2092 3322 2245 3385 late-

232 3411 436 3494 ribuS,
481 3412 659 3473 tecta
705 3410 890 3492 quasi
933 3408 1196 3473 navium
1243 3408 1496 3472 carinae
1545 3414 1712 3473 sunt.
1776 3410 1982 3473 Medis
2031 3414 2246 3473 autem
2283 3427 2314 3473 9

233 3501 303 3563 et
347 3497 678 3562 Armeniis
733 3498 1062 3562 adcessere
1117 3494 1356 3581 Libyes
1419 3493 1598 3580 (nam
1651 3497 1709 3561 ei
1753 3498 2022 3583 propius
2069 3518 2244 3561 mare
