2650 4059
414 275 501 338 80
1064 273 1120 327 C
1161 272 1508 328 SALLUSTI
1545 271 1778 327 CRISPl

345 434 377 481 5
415 420 602 505 ginta
645 418 990 482 interfecti.
1007 376 1151 508 isat
1187 417 1485 497 Romani,
1533 439 1926 500 quamquam
1966 417 2198 481 itinere
2237 421 2439 501 atque
2618 335 2624 494 i

417 528 607 590 opere
646 511 1011 571 castrorum
1047 510 1114 570 et
1150 505 1399 589 proelio
1437 505 1592 569 fessi
1630 504 1912 588 laetique
1949 510 2155 586 erant,
2194 509 2439 587 tamen,
2549 511 2559 520 ‘

417 594 589 677 quod
633 593 937 658 Metellus
983 594 1262 678 amplius
1311 593 1613 677 opimone
1669 594 2072 674 morabatur,
2123 556 2441 657 instructi
2616 623 2624 708 ἱ

346 698 378 745 6
414 682 776 765 intentique
824 683 1083 746 obviam
1126 681 1515 766 procedunt3
1567 703 1720 745 nam
1764 681 1950 745 dolus
1997 679 2439 745 Numidarum

348 786 377 833 ’1
415 770 580 835 nihil
643 769 934 855 languidi
995 790 1202 853 neque
1267 768 1525 833 remissi
1585 769 1975 853 patiebatur.
2080 791 2156 833 ac
2218 769 2436 852 primo

418 860 692 924 obscura
743 861 961 941 nocte,
1014 862 1365 941 postquam
1407 856 1582 920 haud
1624 856 1852 940 procul
1897 856 2070 920 inter
2112 878 2181 920 se
2229 861 2438 938 erant,
2620 884 2626 926 ι

451 945 699 1029 trepitu
752 945 931 1009 velut
993 946 1215 1009 hostes
1281 945 1655 1027 adventare,
1720 944 1910 1008 alteri
1963 944 2133 1027 apud
2189 941 2436 1008 alteros

45 1025 348 1127 Ml*
415 1034 827 1099 formidinem
882 1033 1076 1097 simul
1131 1037 1198 1096 et
1251 1032 1611 1096 tumultum
1665 1031 1735 1096 fa
1772 1053 1906 1116 ere,
1959 1037 2027 1096 et
2081 1053 2287 1115 paene
2342 1032 2439 1097 in-

305 1146 316 1155 ·
462 1121 759 1185 rudentia
813 1121 1167 1198 admissum,
1218 1120 1470 1184 facinus
1527 1120 1922 1203 miserabile,
1975 1119 2046 1183 ni
2103 1120 2438 1203 utrimque

419 1207 758 1293 praemissi
794 1209 1044 1292 equites
1081 1230 1220 1272 rem
1255 1208 1786 1291 exploravissent.
1857 1207 2064 1292 igitur
2099 1229 2220 1291 pro
2254 1212 2438 1272 metu

418 1301 681 1381 repente
736 1297 1045 1381 gaudium
1099 1301 1426 1361 exortum·
1480 1295 1722 1359 milites
1779 1295 1945 1360 alius
2010 1295 2212 1359 alium
2277 1296 2437 1360 laeti

419 1385 776 1469 appellant,
838 1389 986 1449 acta
1047 1384 1316 1449 edocent
1373 1387 1567 1467 atque
1624 1383 1921 1467 audiunt,
1984 1404 2103 1447 sua
2158 1383 2435 1484 quisque

416 1473 618 1539 fortia
662 1473 837 1537 facta
881 1473 961 1537 ad
1008 1471 1257 1536 caelum
1300 1470 1448 1535 fert.
1541 1470 1776 1572 quippe
1821 1492 1925 1534 res
1969 1470 2293 1536 humanae
2338 1472 2438 1534 ita

419 1584 560 1626 sese
603 1561 874 1625 habent·
919 1561 989 1623 in
1031 1560 1308 1623 victoria
1353 1559 1455 1623 vel
1502 1559 1754 1643 ignavis
1873 1558 2070 1623 oriari
2108 1558 2284 1640 licet,
2329 1560 2438 1623 ad-

418 1670 645 1714 vorsae
690 1669 792 1711 res
839 1648 1038 1711 etiam
1082 1648 1289 1711 bonos
1337 1647 1716 1711 detrectant

314 1734 401 1798 54
551 1734 856 1799 Metellus
908 1736 980 1798 in
1030 1734 1238 1798 isdem
1284 1733 1517 1798 castris
1560 1735 1904 1818 quatriduo
1951 1738 2243 1798 moratus
2291 1757 2436 1799 sau-

422 1825 556 1890 cios
595 1845 742 1888 cum
778 1845 932 1887 cura
966 1822 1193 1905 reficit,
1229 1821 1499 1887 meritos
1536 1823 1605 1886 in
1640 1821 1905 1906 proeliis
1944 1843 2124 1886 more
2156 1822 2436 1886 militiae

421 1914 638 1994 donat,
672 1911 1014 1976 univorsos
1049 1911 1121 1974 in
1156 1909 1456 1974 contione
1493 1910 1715 1974 laudat
1751 1915 1945 1993 atque
1983 1909 2124 1994 agit
2164 1910 2437 1995 gratias,

416 2000 749 2082 hortatur,
805 1999 885 2063 ad
931 2003 1171 2082 cetera,
1227 2019 1389 2081 quae
1435 1997 1606 2062 levia
1651 2002 1829 2081 sunt,
1873 2019 2097 2081 parem
2143 1997 2439 2062 animum

421 2090 677 2173 gerant:
721 2108 841 2171 pro
886 2086 1163 2151 victoria
1209 2085 1370 2150 satis
1417 2086 1550 2149 iam
1594 2090 1976 2170 pugnatum,
2021 2084 2308 2168 reliquos
2344 2086 2438 2150 la-

351 2193 383 2237 2
419 2177 611 2240 bores
666 2197 785 2259 pro
837 2175 1080 2258 praeda
1123 2173 1281 2238 fore.
1371 2178 1591 2238 tamen
1636 2174 1899 2237 interim
1944 2173 2320 2258 transfugas
2366 2179 2440 2238 et

421 2263 584 2328 alios
631 2268 1049 2347 opportunOS,
1077 2261 1417 2347 'Iugurtha
1460 2261 1571 2325 ubi
1616 2261 1910 2346 gentium
1957 2265 2071 2325 aut
2107 2261 2264 2344 quid
2300 2263 2437 2347 agi-

420 2356 620 2436 taret,
675 2373 822 2415 cum
874 2351 1177 2435 paucisne
1235 2354 1408 2414 esset
1466 2371 1551 2413 an
1603 2349 1956 2413 exercitum
2003 2348 2303 2428 haberet,
2356 2354 2436 2413 ut

352 2453 384 2500 3
422 2462 564 2504 sese
610 2440 823 2504 victus
869 2443 1141 2523 gereret,
1187 2438 1594 2522 exploratum
1640 2437 1836 2500 misit.
1929 2440 1998 2500 at
2034 2436 2146 2500 ille
2183 2458 2326 2501 sese
2364 2438 2438 2501 in

419 2528 565 2592 loca
609 2528 897 2591 saltuosa
944 2531 1010 2591 et
1053 2530 1289 2590 natura
1336 2525 1587 2589 munita
1621 2528 1953 2607 receperat
1989 2524 2209 2607 ibique
2247 2545 2437 2610 coge·

420 2617 538 2680 bat
575 2616 928 2678 exercitum
963 2634 1232 2677 numero
1267 2612 1609 2676 hominum
1646 2611 2045 2695 ampliorem,
2088 2613 2203 2675 sed
2241 2612 2437 2676 hebe-

422 2706 559 2765 tem
611 2702 1094 2783 infirmumque,
1154 2700 1296 2800 agri
1351 2721 1426 2763 ac
1474 2701 1726 2784 pecoris
1775 2700 1985 2784 magis
2033 2721 2226 2781 quam
2271 2700 2435 2764 belli

351 2802 387 2849 4
423 2789 755 2853 cultorem.
843 2788 911 2851 id
948 2809 1024 2852 ea
1060 2787 1272 2873 gratia
1310 2788 1662 2871 eveniebat,
1710 2788 1881 2871 quod
1917 2791 2177 2871 praeter
2212 2787 2436 2872 regios

422 2876 674 2960 equites
719 2897 909 2940 nemo
958 2875 1247 2940 omnium
1292 2874 1577 2939 Numida
1631 2898 1708 2940 ex
1752 2875 1912 2960 fuga
1956 2895 2177 2960 regem
2223 2876 2437 2958 sequi-

186 3041 199 3051 ·
423 2969 549 3028 tur.
623 2986 749 3046 quo
796 2963 1102 3047 cuiusque
1151 2963 1405 3027 animus
1440 2963 1587 3046 fert,
1633 2985 1708 3027 eo
1747 2963 2084 3027 discedunt
2120 2984 2327 3045 neque
2365 2963 2437 3027 id

38 3016 746 3202 Μίηωέέιέὲιὲιιιιιι
791 3051 1063 3116 militiae
1110 3051 1393 3116 ducitur:
1439 3051 1535 3115 ita
1580 3073 1647 3114 se
1694 3072 1906 3115 mores
1950 3049 2211 3114 habent.

554 3139 767 3224 Igitur
810 3138 1142 3223 Metellus,
1205 3140 1318 3203 ubi
1382 3138 1558 3203 videt
1621 3138 1795 3238 regis
1851 3138 2051 3202 etiam
2103 3142 2246 3201 tum
2300 3139 2437 3202 ani·

349 3269 352 3272 -
424 3251 602 3292 mum
630 3226 912 3290 ferocem
942 3249 1100 3310 esse,
1135 3227 1381 3291 bellum
1418 3225 1733 3308 renovari,
1771 3226 1944 3326 quod
1977 3226 2115 3289 nisi·
2144 3247 2221 3289 ex
2251 3226 2436 3289 illius

422 3315 708 3380 lubidine
763 3314 903 3399 geri
956 3337 1089 3379 non
1130 3318 1383 3398 posset,
1437 3318 1773 3397 praeterea
1816 3313 2059 3377 inicum
2105 3317 2437 3380 certamen

424 3403 552 3466 sibi
589 3425 735 3467 cum
770 3403 1091 3484 hostibus,
1127 3403 1376 3467 minore
1405 3401 1794 3466 detrimento
1831 3400 1982 3465 illos
2010 3400 2199 3484 vinci,
2236 3423 2435 3485 quam

272 3562 279 3569 ,
425 3512 575 3554 suos
628 3491 910 3571 vincere,
965 3489 1200 3555 statuit
1248 3511 1382 3554 non
1425 3489 1689 3573 proeliis
1742 3509 1949 3571 neque
2002 3488 2074 3553 ιιι
2126 3488 2264 3553 acie
2319 3490 2438 3554 sed

354 3594 387 3643 6
424 3577 553 3641 alio
596 3600 773 3642 more
809 3578 1054 3641 bellum
1090 3577 1466 3661 gerundum.
1539 3577 1760 3659 itaque
1796 3574 1866 3639 in
1901 3576 2047 3641 loca
2082 3575 2436 3642 Numidiae
