<?xml version="1.0" encoding="UTF-8"?>
<!DOCTYPE html PUBLIC "-//W3C//DTD XHTML 1.0 Transitional//EN"
    "http://www.w3.org/TR/xhtml1/DTD/xhtml1-transitional.dtd">
<html xmlns="http://www.w3.org/1999/xhtml" xml:lang="en" lang="en">
 <head>
  <title>
</title>
<meta http-equiv="Content-Type" content="text/html;charset=utf-8" />
  <meta name='ocr-system' content='tesseract 3.04.00' />
  <meta name='ocr-capabilities' content='ocr_page ocr_carea ocr_par ocr_line ocrx_word'/>
</head>
<body>
  <div class='ocr_page' id='page_1' title='image "./catilinaiugurth00eussgoog_0118.png"; bbox 0 0 2650 4059; ppageno 0'>
   <div class='ocr_carea' id='block_1_1' title="bbox 700 268 2286 354">
    <p class='ocr_par' dir='ltr' id='par_1_1' title="bbox 700 268 2286 354">
     <span class='ocr_line' id='line_1_1' title="bbox 700 268 2286 354; baseline 0.004 -31"><span class='ocrx_word' id='word_1_1' title='bbox 700 268 992 354; x_wconf 74' lang='lat' dir='ltr'>BELLUM</span> <span class='ocrx_word' id='word_1_2' title='bbox 1028 268 1542 339; x_wconf 75' lang='lat' dir='ltr'><strong>IUGURTHINUM</strong></span> <span class='ocrx_word' id='word_1_3' title='bbox 1578 289 1624 327; x_wconf 73' lang='grc' dir='ltr'><strong>ο.</strong></span> <span class='ocrx_word' id='word_1_4' title='bbox 1658 278 1880 328; x_wconf 62' lang='lat' dir='ltr'><strong>‘xz-⁷5.</strong></span> <span class='ocrx_word' id='word_1_5' title='bbox 2201 272 2286 338; x_wconf 84' lang='lat'><strong>93</strong></span> 
     </span>
    </p>
   </div>
   <div class='ocr_carea' id='block_1_2' title="bbox 202 413 2643 2077">
    <p class='ocr_par' dir='ltr' id='par_1_2' title="bbox 202 413 2643 2077">
     <span class='ocr_line' id='line_1_2' title="bbox 267 413 2285 502; baseline 0.003 -25"><span class='ocrx_word' id='word_1_6' title='bbox 267 433 483 497; x_wconf 85' lang='lat' dir='ltr'><strong>neque</strong></span> <span class='ocrx_word' id='word_1_7' title='bbox 530 413 874 479; x_wconf 88' lang='lat' dir='ltr'><strong>consilium</strong></span> <span class='ocrx_word' id='word_1_8' title='bbox 928 419 1044 480; x_wconf 93' lang='lat' dir='ltr'><strong>aut</strong></span> <span class='ocrx_word' id='word_1_9' title='bbox 1089 415 1431 499; x_wconf 85' lang='lat' dir='ltr'><strong>quisquam</strong></span> <span class='ocrx_word' id='word_1_10' title='bbox 1476 416 1815 481; x_wconf 90' lang='lat' dir='ltr'><strong>hominum</strong></span> <span class='ocrx_word' id='word_1_11' title='bbox 1870 417 2031 481; x_wconf 87' lang='lat' dir='ltr'><strong>satis</strong></span> <span class='ocrx_word' id='word_1_12' title='bbox 2077 418 2285 502; x_wconf 88' lang='lat' dir='ltr'><strong>place-</strong></span> 
     </span>
     <span class='ocr_line' id='line_1_3' title="bbox 270 500 2392 594; baseline 0.002 -30"><span class='ocrx_word' id='word_1_13' title='bbox 270 501 415 564; x_wconf 87' lang='lat' dir='ltr'><strong>bat:</strong></span> <span class='ocrx_word' id='word_1_14' title='bbox 472 500 709 565; x_wconf 87' lang='lat' dir='ltr'><strong>itinera</strong></span> <span class='ocrx_word' id='word_1_15' title='bbox 762 501 1253 586; x_wconf 74' lang='lat' dir='ltr'><strong>praefectosque</strong></span> <span class='ocrx_word' id='word_1_16' title='bbox 1309 503 1378 567; x_wconf 91' lang='lat' dir='ltr'><strong>in</strong></span> <span class='ocrx_word' id='word_1_17' title='bbox 1422 503 1558 569; x_wconf 90' lang='lat' dir='ltr'><strong>dies</strong></span> <span class='ocrx_word' id='word_1_18' title='bbox 1606 507 1885 587; x_wconf 88' lang='lat' dir='ltr'><strong>mutare,</strong></span> <span class='ocrx_word' id='word_1_19' title='bbox 1940 505 2149 594; x_wconf 68' lang='lat' dir='ltr'><em>Q</em></span> <span class='ocrx_word' id='word_1_20' title='bbox 2179 506 2283 569; x_wconf 89' lang='lat' dir='ltr'><strong>ad-</strong></span> <span class='ocrx_word' id='word_1_21' title='bbox 2388 523 2392 528; x_wconf 83' lang='lat'>·</span> 
     </span>
     <span class='ocr_line' id='line_1_4' title="bbox 270 588 2318 678; baseline 0.003 -27"><span class='ocrx_word' id='word_1_22' title='bbox 270 608 537 653; x_wconf 82' lang='lat' dir='ltr'><strong>vorsum</strong></span> <span class='ocrx_word' id='word_1_23' title='bbox 579 588 790 654; x_wconf 87' lang='lat' dir='ltr'><strong>hostis</strong></span> <span class='ocrx_word' id='word_1_24' title='bbox 829 590 1162 670; x_wconf 88' lang='lat' dir='ltr'><strong>interdum</strong></span> <span class='ocrx_word' id='word_1_25' title='bbox 1204 591 1276 654; x_wconf 94' lang='lat' dir='ltr'><strong>in</strong></span> <span class='ocrx_word' id='word_1_26' title='bbox 1320 590 1703 657; x_wconf 73' lang='lat' dir='ltr'><strong>solitudines</strong></span> <span class='ocrx_word' id='word_1_27' title='bbox 1750 612 2046 677; x_wconf 84' lang='lat' dir='ltr'><strong>pergere,</strong></span> <span class='ocrx_word' id='word_1_28' title='bbox 2092 614 2281 678; x_wconf 80' lang='lat' dir='ltr'><strong>saepe</strong></span> <span class='ocrx_word' id='word_1_29' title='bbox 2301 660 2318 673; x_wconf 43' lang='lat' dir='ltr'><strong><em>s</em></strong></span> 
     </span>
     <span class='ocr_line' id='line_1_5' title="bbox 270 674 2281 764; baseline 0.002 -24"><span class='ocrx_word' id='word_1_30' title='bbox 270 675 341 739; x_wconf 91' lang='lat' dir='ltr'><strong>in</strong></span> <span class='ocrx_word' id='word_1_31' title='bbox 384 675 546 761; x_wconf 82' lang='lat' dir='ltr'><strong>fuga</strong></span> <span class='ocrx_word' id='word_1_32' title='bbox 572 698 648 741; x_wconf 90' lang='lat' dir='ltr'><strong>ac</strong></span> <span class='ocrx_word' id='word_1_33' title='bbox 684 682 836 760; x_wconf 89' lang='lat' dir='ltr'><strong>post</strong></span> <span class='ocrx_word' id='word_1_34' title='bbox 871 674 1066 761; x_wconf 89' lang='lat' dir='ltr'><strong>paqu</strong></span> <span class='ocrx_word' id='word_1_35' title='bbox 1104 700 1175 741; x_wconf 88' lang='lat' dir='ltr'><strong>m</strong></span> <span class='ocrx_word' id='word_1_36' title='bbox 1210 679 1410 741; x_wconf 89' lang='lat' dir='ltr'><strong>armis</strong></span> <span class='ocrx_word' id='word_1_37' title='bbox 1449 699 1631 762; x_wconf 89' lang='lat' dir='ltr'><strong>spem</strong></span> <span class='ocrx_word' id='word_1_38' title='bbox 1656 679 1916 763; x_wconf 88' lang='lat' dir='ltr'><strong>habere,</strong></span> <span class='ocrx_word' id='word_1_39' title='bbox 1961 679 2281 764; x_wconf 88' lang='lat' dir='ltr'><strong>dubitare,</strong></span> 
     </span>
     <span class='ocr_line' id='line_1_6' title="bbox 271 764 2432 852; baseline 0.002 -25"><span class='ocrx_word' id='word_1_40' title='bbox 271 764 512 828; x_wconf 82' lang='lat' dir='ltr'><strong>virtuti.</strong></span> <span class='ocrx_word' id='word_1_41' title='bbox 550 771 637 829; x_wconf 84' lang='lat' dir='ltr'><strong>an</strong></span> <span class='ocrx_word' id='word_1_42' title='bbox 678 765 828 829; x_wconf 92' lang='lat' dir='ltr'><strong>fidei</strong></span> <span class='ocrx_word' id='word_1_43' title='bbox 874 765 1286 849; x_wconf 79' lang='lat' dir='ltr'><strong>popularium</strong></span> <span class='ocrx_word' id='word_1_44' title='bbox 1343 766 1554 831; x_wconf 88' lang='lat' dir='ltr'><strong>minus</strong></span> <span class='ocrx_word' id='word_1_45' title='bbox 1611 766 1924 831; x_wconf 87' lang='lat' dir='ltr'><strong>crederet:</strong></span> <span class='ocrx_word' id='word_1_46' title='bbox 1977 767 2074 832; x_wconf 90' lang='lat' dir='ltr'><strong>ita</strong></span> <span class='ocrx_word' id='word_1_47' title='bbox 2127 789 2254 852; x_wconf 91' lang='lat' dir='ltr'><strong>quo</strong></span> <span class='ocrx_word' id='word_1_48' title='bbox 2362 799 2376 811; x_wconf 92' lang='lat'><strong>·</strong></span> <span class='ocrx_word' id='word_1_49' title='bbox 2420 806 2432 820; x_wconf 89' lang='lat'>-</span> 
     </span>
     <span class='ocr_line' id='line_1_7' title="bbox 271 853 2348 936; baseline 0.002 -21"><span class='ocrx_word' id='word_1_50' title='bbox 271 873 546 936; x_wconf 88' lang='lat' dir='ltr'><strong>cumque</strong></span> <span class='ocrx_word' id='word_1_51' title='bbox 591 853 976 936; x_wconf 69' lang='lat' dir='ltr'><strong>intenderat,</strong></span> <span class='ocrx_word' id='word_1_52' title='bbox 1023 874 1126 918; x_wconf 89' lang='lat' dir='ltr'><strong>res</strong></span> <span class='ocrx_word' id='word_1_53' title='bbox 1174 853 1482 918; x_wconf 80' lang='lat' dir='ltr'><strong>advorsae</strong></span> <span class='ocrx_word' id='word_1_54' title='bbox 1529 858 1729 919; x_wconf 89' lang='lat' dir='ltr'><strong>erant.</strong></span> <span class='ocrx_word' id='word_1_55' title='bbox 1796 855 1910 919; x_wconf 89' lang='lat' dir='ltr'><strong>sed</strong></span> <span class='ocrx_word' id='word_1_56' title='bbox 1954 854 2126 919; x_wconf 89' lang='lat' dir='ltr'><strong>inter</strong></span> <span class='ocrx_word' id='word_1_57' title='bbox 2170 877 2246 920; x_wconf 87' lang='lat' dir='ltr'><strong>ea</strong></span> <span class='ocrx_word' id='word_1_58' title='bbox 2317 872 2348 919; x_wconf 79' lang='lat'><strong>2</strong></span> 
     </span>
     <span class='ocr_line' id='line_1_8' title="bbox 271 940 2277 1023; baseline 0.002 -21"><span class='ocrx_word' id='word_1_59' title='bbox 271 960 491 1004; x_wconf 88' lang='lat' dir='ltr'><strong>moras</strong></span> <span class='ocrx_word' id='word_1_60' title='bbox 555 944 819 1023; x_wconf 83' lang='lat' dir='ltr'><strong>repente</strong></span> <span class='ocrx_word' id='word_1_61' title='bbox 874 962 1016 1006; x_wconf 87' lang='lat' dir='ltr'><strong>sese</strong></span> <span class='ocrx_word' id='word_1_62' title='bbox 1068 940 1374 1005; x_wconf 87' lang='lat' dir='ltr'><strong>Metellus</strong></span> <span class='ocrx_word' id='word_1_63' title='bbox 1439 963 1585 1006; x_wconf 92' lang='lat' dir='ltr'><strong>cum</strong></span> <span class='ocrx_word' id='word_1_64' title='bbox 1644 941 1931 1007; x_wconf 82' lang='lat' dir='ltr'><strong>exercitu</strong></span> <span class='ocrx_word' id='word_1_65' title='bbox 1976 943 2277 1007; x_wconf 87' lang='lat' dir='ltr'><strong>ostendit.</strong></span> 
     </span>
     <span class='ocr_line' id='line_1_9' title="bbox 269 995 2629 1172; baseline 0.002 -81"><span class='ocrx_word' id='word_1_66' title='bbox 269 1025 592 1091; x_wconf 79' lang='lat' dir='ltr'><strong>Numidae</strong></span> <span class='ocrx_word' id='word_1_67' title='bbox 628 1028 710 1092; x_wconf 88' lang='lat' dir='ltr'><strong>ab</strong></span> <span class='ocrx_word' id='word_1_68' title='bbox 747 1026 1070 1113; x_wconf 83' lang='lat' dir='ltr'><strong>Iugurtha</strong></span> <span class='ocrx_word' id='word_1_69' title='bbox 1108 1050 1228 1111; x_wconf 92' lang='lat' dir='ltr'><strong>pro</strong></span> <span class='ocrx_word' id='word_1_70' title='bbox 1267 1033 1557 1112; x_wconf 87' lang='lat' dir='ltr'><strong>tempore</strong></span> <span class='ocrx_word' id='word_1_71' title='bbox 1585 1029 1800 1112; x_wconf 87' lang='lat' dir='ltr'><strong>parati</strong></span> <span class='ocrx_word' id='word_1_72' title='bbox 1828 1030 2279 1114; x_wconf 84' lang='lat' dir='ltr'><strong>instructique,</strong></span> <span class='ocrx_word' id='word_1_73' title='bbox 2498 995 2629 1172; x_wconf 44' lang='lat' dir='ltr'><strong>{si</strong></span> 
     </span>
     <span class='ocr_line' id='line_1_10' title="bbox 267 1114 2637 1204; baseline 0.002 -26"><span class='ocrx_word' id='word_1_74' title='bbox 267 1114 422 1179; x_wconf 91' lang='lat' dir='ltr'><strong>dein</strong></span> <span class='ocrx_word' id='word_1_75' title='bbox 462 1115 783 1198; x_wconf 87' lang='lat' dir='ltr'><strong>proelium</strong></span> <span class='ocrx_word' id='word_1_76' title='bbox 826 1115 1154 1199; x_wconf 79' lang='lat' dir='ltr'><strong>incipitur.</strong></span> <span class='ocrx_word' id='word_1_77' title='bbox 1220 1137 1349 1200; x_wconf 89' lang='lat' dir='ltr'><strong>qua</strong></span> <span class='ocrx_word' id='word_1_78' title='bbox 1393 1117 1462 1180; x_wconf 92' lang='lat' dir='ltr'><strong>in</strong></span> <span class='ocrx_word' id='word_1_79' title='bbox 1496 1121 1682 1199; x_wconf 88' lang='lat' dir='ltr'><strong>parte</strong></span> <span class='ocrx_word' id='word_1_80' title='bbox 1728 1139 1840 1182; x_wconf 85' lang='lat' dir='ltr'><strong>rex</strong></span> <span class='ocrx_word' id='word_1_81' title='bbox 1880 1138 2136 1204; x_wconf 83' lang='lat' dir='ltr'><strong>pugnae</strong></span> <span class='ocrx_word' id='word_1_82' title='bbox 2174 1119 2279 1183; x_wconf 90' lang='lat' dir='ltr'><strong>ad-</strong></span> <span class='ocrx_word' id='word_1_83' title='bbox 2316 1137 2348 1182; x_wconf 80' lang='grc'><strong>3</strong></span> <span class='ocrx_word' id='word_1_84' title='bbox 2488 1171 2495 1180; x_wconf 88' lang='grc'>.</span> <span class='ocrx_word' id='word_1_85' title='bbox 2586 1125 2637 1204; x_wconf 53' lang='grc' dir='ltr'><strong>ἐξ</strong></span> 
     </span>
     <span class='ocr_line' id='line_1_11' title="bbox 267 1199 2643 1288; baseline 0.004 -22"><span class='ocrx_word' id='word_1_86' title='bbox 267 1200 416 1285; x_wconf 83' lang='lat' dir='ltr'><strong>fuit,</strong></span> <span class='ocrx_word' id='word_1_87' title='bbox 443 1202 538 1266; x_wconf 91' lang='lat' dir='ltr'><strong>ibi</strong></span> <span class='ocrx_word' id='word_1_88' title='bbox 567 1203 965 1288; x_wconf 85' lang='lat' dir='ltr'><strong>aliquamdiu</strong></span> <span class='ocrx_word' id='word_1_89' title='bbox 993 1207 1333 1287; x_wconf 89' lang='lat' dir='ltr'><strong>certatum,</strong></span> <span class='ocrx_word' id='word_1_90' title='bbox 1371 1204 1568 1268; x_wconf 90' lang='lat' dir='ltr'><strong>ceteri</strong></span> <span class='ocrx_word' id='word_1_91' title='bbox 1599 1203 1736 1269; x_wconf 92' lang='lat' dir='ltr'><strong>eius</strong></span> <span class='ocrx_word' id='word_1_92' title='bbox 1775 1227 1996 1270; x_wconf 89' lang='lat' dir='ltr'><strong>omnes</strong></span> <span class='ocrx_word' id='word_1_93' title='bbox 2035 1206 2276 1271; x_wconf 86' lang='lat' dir='ltr'><strong>milites</strong></span> <span class='ocrx_word' id='word_1_94' title='bbox 2401 1199 2413 1211; x_wconf 55' lang='lat'>⁶</span> <span class='ocrx_word' id='word_1_95' title='bbox 2598 1215 2643 1284; x_wconf 52' lang='lat'><strong>:157</strong></span> 
     </span>
     <span class='ocr_line' id='line_1_12' title="bbox 268 1225 2643 1394; baseline 0.003 -40"><span class='ocrx_word' id='word_1_96' title='bbox 268 1289 483 1373; x_wconf 87' lang='lat' dir='ltr'><strong>primo</strong></span> <span class='ocrx_word' id='word_1_97' title='bbox 532 1311 885 1376; x_wconf 58' lang='lat' dir='ltr'><strong>congeessu</strong></span> <span class='ocrx_word' id='word_1_98' title='bbox 939 1290 1112 1374; x_wconf 88' lang='lat' dir='ltr'><strong>pulsi</strong></span> <span class='ocrx_word' id='word_1_99' title='bbox 1158 1291 1516 1376; x_wconf 85' lang='lat' dir='ltr'><strong>fugatique.</strong></span> <span class='ocrx_word' id='word_1_100' title='bbox 1607 1290 1887 1356; x_wconf 85' lang='lat' dir='ltr'><strong>Romani</strong></span> <span class='ocrx_word' id='word_1_101' title='bbox 1944 1225 2375 1380; x_wconf 35' lang='lat' dir='ltr'><strong>signorum&amp;</strong></span> <span class='ocrx_word' id='word_1_102' title='bbox 2580 1297 2643 1394; x_wconf 58' lang='grc' dir='ltr'>ξῖ</span> 
     </span>
     <span class='ocr_line' id='line_1_13' title="bbox 263 1351 2643 1524; baseline 0.002 -83"><span class='ocrx_word' id='word_1_103' title='bbox 263 1381 336 1441; x_wconf 89' lang='lat' dir='ltr'><strong>et</strong></span> <span class='ocrx_word' id='word_1_104' title='bbox 372 1397 704 1445; x_wconf 88' lang='lat' dir='ltr'><strong>armorum</strong></span> <span class='ocrx_word' id='word_1_105' title='bbox 741 1380 863 1460; x_wconf 92' lang='lat' dir='ltr'><strong>[et]</strong></span> <span class='ocrx_word' id='word_1_106' title='bbox 903 1378 1236 1462; x_wconf 88' lang='lat' dir='ltr'><strong>aliquanto</strong></span> <span class='ocrx_word' id='word_1_107' title='bbox 1272 1400 1560 1462; x_wconf 88' lang='lat' dir='ltr'><strong>numer0,</strong></span> <span class='ocrx_word' id='word_1_108' title='bbox 1598 1378 1888 1444; x_wconf 88' lang='lat' dir='ltr'><strong>hostium</strong></span> <span class='ocrx_word' id='word_1_109' title='bbox 1924 1402 2278 1463; x_wconf 83' lang='lat' dir='ltr'><strong>paucorum</strong></span> <span class='ocrx_word' id='word_1_110' title='bbox 2541 1351 2576 1524; x_wconf 53' lang='grc' dir='ltr'><strong>ἒ</strong></span> <span class='ocrx_word' id='word_1_111' title='bbox 2612 1387 2643 1401; x_wconf 78' lang='grc'><strong>“’</strong></span> 
     </span>
     <span class='ocr_line' id='line_1_14' title="bbox 202 1386 2570 1582; baseline 0.001 -52"><span class='ocrx_word' id='word_1_112' title='bbox 202 1541 208 1545; x_wconf 44' lang='grc'><em>,</em></span> <span class='ocrx_word' id='word_1_113' title='bbox 266 1469 494 1549; x_wconf 83' lang='lat' dir='ltr'><strong>pot1t13</strong></span> <span class='ocrx_word' id='word_1_114' title='bbox 535 1487 690 1530; x_wconf 91' lang='lat' dir='ltr'><strong>nam</strong></span> <span class='ocrx_word' id='word_1_115' title='bbox 736 1466 935 1531; x_wconf 83' lang='lat' dir='ltr'><strong>ferme</strong></span> <span class='ocrx_word' id='word_1_116' title='bbox 962 1465 1266 1531; x_wconf 86' lang='lat' dir='ltr'><strong>Numidis</strong></span> <span class='ocrx_word' id='word_1_117' title='bbox 1310 1467 1383 1530; x_wconf 92' lang='lat' dir='ltr'><strong>in</strong></span> <span class='ocrx_word' id='word_1_118' title='bbox 1408 1466 1708 1532; x_wconf 88' lang='lat' dir='ltr'><strong>omnibus</strong></span> <span class='ocrx_word' id='word_1_119' title='bbox 1754 1468 2019 1551; x_wconf 90' lang='lat' dir='ltr'><strong>proeliis</strong></span> <span class='ocrx_word' id='word_1_120' title='bbox 2065 1468 2276 1553; x_wconf 85' lang='lat' dir='ltr'><strong>magis</strong></span> <span class='ocrx_word' id='word_1_121' title='bbox 2375 1386 2452 1582; x_wconf 49' lang='lat'><strong>⁸}</strong></span> <span class='ocrx_word' id='word_1_122' title='bbox 2512 1493 2570 1560; x_wconf 52' lang='lat' dir='ltr'><em>Q</em></span> 
     </span>
     <span class='ocr_line' id='line_1_15' title="bbox 268 1535 2623 1637; baseline 0.002 -20"><span class='ocrx_word' id='word_1_123' title='bbox 268 1553 466 1636; x_wconf 89' lang='lat' dir='ltr'><strong>pedes</strong></span> <span class='ocrx_word' id='word_1_124' title='bbox 515 1575 710 1637; x_wconf 87' lang='lat' dir='ltr'><strong>quam</strong></span> <span class='ocrx_word' id='word_1_125' title='bbox 755 1576 937 1618; x_wconf 88' lang='lat' dir='ltr'><strong>arma</strong></span> <span class='ocrx_word' id='word_1_126' title='bbox 982 1558 1128 1619; x_wconf 89' lang='lat' dir='ltr'><strong>tuta</strong></span> <span class='ocrx_word' id='word_1_127' title='bbox 1177 1559 1346 1619; x_wconf 87' lang='lat' dir='ltr'><strong>sunt.</strong></span> <span class='ocrx_word' id='word_1_128' title='bbox 2504 1535 2623 1622; x_wconf 26' lang='lat' dir='ltr'><strong>&amp;a</strong></span> 
     </span>
     <span class='ocr_line' id='line_1_16' title="bbox 444 1640 2383 1728; baseline 0.002 -23"><span class='ocrx_word' id='word_1_129' title='bbox 444 1640 546 1705; x_wconf 85' lang='lat' dir='ltr'><strong>Ea</strong></span> <span class='ocrx_word' id='word_1_130' title='bbox 589 1640 747 1727; x_wconf 88' lang='lat' dir='ltr'><strong>fuga</strong></span> <span class='ocrx_word' id='word_1_131' title='bbox 791 1640 1112 1728; x_wconf 88' lang='lat' dir='ltr'><strong>Iugurtha</strong></span> <span class='ocrx_word' id='word_1_132' title='bbox 1154 1641 1488 1726; x_wconf 80' lang='lat' dir='ltr'><strong>inpensius</strong></span> <span class='ocrx_word' id='word_1_133' title='bbox 1526 1643 1718 1707; x_wconf 91' lang='lat' dir='ltr'><strong>modo</strong></span> <span class='ocrx_word' id='word_1_134' title='bbox 1757 1644 1949 1708; x_wconf 88' lang='lat' dir='ltr'><strong>rebus</strong></span> <span class='ocrx_word' id='word_1_135' title='bbox 1989 1643 2122 1708; x_wconf 90' lang='lat' dir='ltr'><strong>suis</strong></span> <span class='ocrx_word' id='word_1_136' title='bbox 2161 1643 2277 1708; x_wconf 79' lang='lat' dir='ltr'><strong>dif-</strong></span> <span class='ocrx_word' id='word_1_137' title='bbox 2300 1645 2383 1709; x_wconf 83' lang='lat'><strong>75</strong></span> 
     </span>
     <span class='ocr_line' id='line_1_17' title="bbox 263 1728 2276 1815; baseline 0.001 -22"><span class='ocrx_word' id='word_1_138' title='bbox 263 1728 473 1793; x_wconf 90' lang='lat' dir='ltr'><strong>fidens</strong></span> <span class='ocrx_word' id='word_1_139' title='bbox 519 1751 667 1794; x_wconf 89' lang='lat' dir='ltr'><strong>cum</strong></span> <span class='ocrx_word' id='word_1_140' title='bbox 709 1729 1001 1815; x_wconf 85' lang='lat' dir='ltr'><strong>perfugis</strong></span> <span class='ocrx_word' id='word_1_141' title='bbox 1048 1735 1115 1794; x_wconf 90' lang='lat' dir='ltr'><strong>et</strong></span> <span class='ocrx_word' id='word_1_142' title='bbox 1158 1734 1345 1815; x_wconf 87' lang='lat' dir='ltr'><strong>parte</strong></span> <span class='ocrx_word' id='word_1_143' title='bbox 1391 1730 1720 1814; x_wconf 89' lang='lat' dir='ltr'><strong>equitatus</strong></span> <span class='ocrx_word' id='word_1_144' title='bbox 1766 1731 1836 1796; x_wconf 90' lang='lat' dir='ltr'><strong>in</strong></span> <span class='ocrx_word' id='word_1_145' title='bbox 1877 1731 2276 1815; x_wconf 87' lang='lat' dir='ltr'><strong>solitudines,</strong></span> 
     </span>
     <span class='ocr_line' id='line_1_18' title="bbox 262 1816 2275 1904; baseline 0.002 -25"><span class='ocrx_word' id='word_1_146' title='bbox 262 1816 419 1880; x_wconf 90' lang='lat' dir='ltr'><strong>dein</strong></span> <span class='ocrx_word' id='word_1_147' title='bbox 443 1816 717 1882; x_wconf 88' lang='lat' dir='ltr'><strong>Thalam</strong></span> <span class='ocrx_word' id='word_1_148' title='bbox 752 1817 1065 1901; x_wconf 79' lang='lat' dir='ltr'><strong>pervenit,</strong></span> <span class='ocrx_word' id='word_1_149' title='bbox 1108 1817 1192 1880; x_wconf 58' lang='lat' dir='ltr'><strong>in&gt;</strong></span> <span class='ocrx_word' id='word_1_150' title='bbox 1207 1818 1517 1902; x_wconf 91' lang='lat' dir='ltr'><strong>oppidum</strong></span> <span class='ocrx_word' id='word_1_151' title='bbox 1545 1840 1852 1904; x_wconf 86' lang='lat' dir='ltr'><strong>magnum</strong></span> <span class='ocrx_word' id='word_1_152' title='bbox 1889 1823 2084 1902; x_wconf 89' lang='lat' dir='ltr'><strong>atque</strong></span> <span class='ocrx_word' id='word_1_153' title='bbox 2123 1841 2275 1903; x_wconf 89' lang='lat' dir='ltr'><strong>opu-</strong></span> 
     </span>
     <span class='ocr_line' id='line_1_19' title="bbox 265 1903 2505 1991; baseline 0.002 -24"><span class='ocrx_word' id='word_1_154' title='bbox 265 1903 536 1988; x_wconf 90' lang='lat' dir='ltr'><strong>lentum,</strong></span> <span class='ocrx_word' id='word_1_155' title='bbox 580 1905 693 1969; x_wconf 90' lang='lat' dir='ltr'><strong>ubi</strong></span> <span class='ocrx_word' id='word_1_156' title='bbox 738 1906 1029 1990; x_wconf 87' lang='lat' dir='ltr'><strong>plerique</strong></span> <span class='ocrx_word' id='word_1_157' title='bbox 1074 1904 1366 1969; x_wconf 88' lang='lat' dir='ltr'><strong>thesauri</strong></span> <span class='ocrx_word' id='word_1_158' title='bbox 1406 1905 1816 1989; x_wconf 88' lang='lat' dir='ltr'><strong>filiorumque</strong></span> <span class='ocrx_word' id='word_1_159' title='bbox 1854 1907 1991 1971; x_wconf 89' lang='lat' dir='ltr'><strong>eius</strong></span> <span class='ocrx_word' id='word_1_160' title='bbox 2029 1906 2273 1971; x_wconf 89' lang='lat' dir='ltr'><strong>multus</strong></span> <span class='ocrx_word' id='word_1_161' title='bbox 2491 1977 2505 1991; x_wconf 54' lang='lat'><strong>,</strong></span> 
     </span>
     <span class='ocr_line' id='line_1_20' title="bbox 266 1955 2599 2077; baseline 0.002 -22"><span class='ocrx_word' id='word_1_162' title='bbox 266 1991 583 2075; x_wconf 88' lang='lat' dir='ltr'><strong>pueritiae</strong></span> <span class='ocrx_word' id='word_1_163' title='bbox 612 1992 825 2058; x_wconf 86' lang='lat' dir='ltr'><strong>cultus</strong></span> <span class='ocrx_word' id='word_1_164' title='bbox 862 1997 1019 2058; x_wconf 89' lang='lat' dir='ltr'><strong>erat.</strong></span> <span class='ocrx_word' id='word_1_165' title='bbox 1092 2013 1256 2077; x_wconf 89' lang='lat' dir='ltr'><strong>quae</strong></span> <span class='ocrx_word' id='word_1_166' title='bbox 1291 1996 1642 2077; x_wconf 88' lang='lat' dir='ltr'><strong>postquam</strong></span> <span class='ocrx_word' id='word_1_167' title='bbox 1669 1992 1936 2070; x_wconf 71' lang='lat' dir='ltr'><strong>Metello</strong></span> <span class='ocrx_word' id='word_1_168' title='bbox 1965 1955 2599 2077; x_wconf 49' lang='lat' dir='ltr'><strong>conpertam</strong></span> 
     </span>
    </p>
   </div>
   <div class='ocr_carea' id='block_1_3' title="bbox 379 1451 709 1478">
    <p class='ocr_par' dir='ltr' id='par_1_3' title="bbox 379 1451 709 1478">
     <span class='ocr_line' id='line_1_21' title="bbox 379 1451 709 1478; baseline 0 2581"><span class='ocrx_word' id='word_1_169' title='bbox 379 1451 709 1478; x_wconf 95' lang='lat' dir='ltr'><strong> </strong></span> 
     </span>
    </p>
   </div>
   <div class='ocr_carea' id='block_1_4' title="bbox 608 2062 828 2075">
    <p class='ocr_par' dir='ltr' id='par_1_4' title="bbox 608 2062 828 2075">
     <span class='ocr_line' id='line_1_22' title="bbox 608 2062 828 2075; baseline 0 1984"><span class='ocrx_word' id='word_1_170' title='bbox 608 2062 828 2075; x_wconf 95' lang='lat' dir='ltr'><strong> </strong></span> 
     </span>
    </p>
   </div>
   <div class='ocr_carea' id='block_1_5' title="bbox 138 2080 2273 2165">
    <p class='ocr_par' dir='ltr' id='par_1_5' title="bbox 138 2080 2273 2165">
     <span class='ocr_line' id='line_1_23' title="bbox 138 2080 2273 2165; baseline 0.004 -22"><span class='ocrx_word' id='word_1_171' title='bbox 138 2157 142 2162; x_wconf 81' lang='lat'><strong>.</strong></span> <span class='ocrx_word' id='word_1_172' title='bbox 262 2083 448 2163; x_wconf 86' lang='lat' dir='ltr'><strong>sunt,</strong></span> <span class='ocrx_word' id='word_1_173' title='bbox 503 2098 901 2165; x_wconf 87' lang='lat' dir='ltr'><strong>quamquam</strong></span> <span class='ocrx_word' id='word_1_174' title='bbox 940 2081 1114 2145; x_wconf 87' lang='lat' dir='ltr'><strong>inter</strong></span> <span class='ocrx_word' id='word_1_175' title='bbox 1157 2080 1432 2146; x_wconf 88' lang='lat' dir='ltr'><strong>Thalam</strong></span> <span class='ocrx_word' id='word_1_176' title='bbox 1475 2081 1841 2165; x_wconf 89' lang='lat' dir='ltr'><strong>flumenque</strong></span> <span class='ocrx_word' id='word_1_177' title='bbox 1885 2103 2273 2165; x_wconf 87' lang='lat' dir='ltr'><strong>proxumum</strong></span> 
     </span>
    </p>
   </div>
   <div class='ocr_carea' id='block_1_6' title="bbox 252 2167 2644 3653">
    <p class='ocr_par' dir='ltr' id='par_1_6' title="bbox 270 2167 2272 2255">
     <span class='ocr_line' id='line_1_24' title="bbox 270 2167 2272 2255; baseline 0.001 -24"><span class='ocrx_word' id='word_1_178' title='bbox 270 2167 335 2231; x_wconf 80' lang='lat' dir='ltr'><strong>in</strong></span> <span class='ocrx_word' id='word_1_179' title='bbox 381 2167 597 2252; x_wconf 88' lang='lat' dir='ltr'><strong>spatio</strong></span> <span class='ocrx_word' id='word_1_180' title='bbox 644 2168 896 2233; x_wconf 90' lang='lat' dir='ltr'><strong>milium</strong></span> <span class='ocrx_word' id='word_1_181' title='bbox 943 2168 1417 2255; x_wconf 87' lang='lat' dir='ltr'><strong>quinquaginta</strong></span> <span class='ocrx_word' id='word_1_182' title='bbox 1456 2168 1602 2234; x_wconf 88' lang='lat' dir='ltr'><strong>loca</strong></span> <span class='ocrx_word' id='word_1_183' title='bbox 1638 2169 1818 2233; x_wconf 89' lang='lat' dir='ltr'><strong>arida</strong></span> <span class='ocrx_word' id='word_1_184' title='bbox 1853 2174 2049 2253; x_wconf 87' lang='lat' dir='ltr'><strong>atque</strong></span> <span class='ocrx_word' id='word_1_185' title='bbox 2085 2174 2272 2234; x_wconf 85' lang='lat' dir='ltr'><strong>vasta</strong></span> 
     </span>
    </p>

    <p class='ocr_par' dir='ltr' id='par_1_7' title="bbox 259 2255 2643 2428">
     <span class='ocr_line' id='line_1_25' title="bbox 259 2255 2643 2349; baseline 0.001 -30"><span class='ocrx_word' id='word_1_186' title='bbox 259 2276 405 2320; x_wconf 87' lang='lat' dir='ltr'><strong>esse</strong></span> <span class='ocrx_word' id='word_1_187' title='bbox 454 2260 865 2341; x_wconf 84' lang='lat' dir='ltr'><strong>cognoverat,</strong></span> <span class='ocrx_word' id='word_1_188' title='bbox 910 2261 1131 2321; x_wconf 89' lang='lat' dir='ltr'><strong>tamen</strong></span> <span class='ocrx_word' id='word_1_189' title='bbox 1174 2279 1288 2340; x_wconf 91' lang='lat' dir='ltr'><strong>spe</strong></span> <span class='ocrx_word' id='word_1_190' title='bbox 1322 2256 1627 2341; x_wconf 89' lang='lat' dir='ltr'><strong>patrandi</strong></span> <span class='ocrx_word' id='word_1_191' title='bbox 1672 2256 1847 2340; x_wconf 90' lang='lat' dir='ltr'><strong>belli,</strong></span> <span class='ocrx_word' id='word_1_192' title='bbox 1894 2256 1952 2320; x_wconf 88' lang='lat' dir='ltr'><strong>si</strong></span> <span class='ocrx_word' id='word_1_193' title='bbox 1988 2256 2125 2321; x_wconf 88' lang='lat' dir='ltr'><strong>eius</strong></span> <span class='ocrx_word' id='word_1_194' title='bbox 2164 2279 2246 2340; x_wconf 94' lang='lat' dir='ltr'><strong>op</strong></span> <span class='ocrx_word' id='word_1_195' title='bbox 2453 2255 2643 2349; x_wconf 56' lang='lat' dir='ltr'><strong>m</strong></span> 
     </span>
     <span class='ocr_line' id='line_1_26' title="bbox 261 2342 2271 2428; baseline 0.001 -23"><span class='ocrx_word' id='word_1_196' title='bbox 261 2342 401 2426; x_wconf 92' lang='lat' dir='ltr'><strong>pidi</strong></span> <span class='ocrx_word' id='word_1_197' title='bbox 437 2344 688 2426; x_wconf 89' lang='lat' dir='ltr'><strong>potitus</strong></span> <span class='ocrx_word' id='word_1_198' title='bbox 714 2344 904 2427; x_wconf 84' lang='lat' dir='ltr'><strong>foret,</strong></span> <span class='ocrx_word' id='word_1_199' title='bbox 942 2344 1150 2410; x_wconf 91' lang='lat' dir='ltr'><strong>omnis</strong></span> <span class='ocrx_word' id='word_1_200' title='bbox 1190 2344 1576 2428; x_wconf 88' lang='lat' dir='ltr'><strong>asperitates</strong></span> <span class='ocrx_word' id='word_1_201' title='bbox 1606 2343 2028 2427; x_wconf 80' lang='lat' dir='ltr'><strong>supervadere</strong></span> <span class='ocrx_word' id='word_1_202' title='bbox 2061 2365 2136 2409; x_wconf 89' lang='lat' dir='ltr'><strong>ac</strong></span> <span class='ocrx_word' id='word_1_203' title='bbox 2163 2366 2271 2408; x_wconf 86' lang='lat' dir='ltr'><strong>na-</strong></span> 
     </span>
    </p>

    <p class='ocr_par' dir='ltr' id='par_1_8' title="bbox 257 2430 2588 2781">
     <span class='ocr_line' id='line_1_27' title="bbox 262 2430 2338 2518; baseline 0.001 -24"><span class='ocrx_word' id='word_1_204' title='bbox 262 2434 483 2495; x_wconf 88' lang='lat' dir='ltr'><strong>turam</strong></span> <span class='ocrx_word' id='word_1_205' title='bbox 518 2431 720 2495; x_wconf 89' lang='lat' dir='ltr'><strong>etiam</strong></span> <span class='ocrx_word' id='word_1_206' title='bbox 754 2432 1006 2497; x_wconf 85' lang='lat' dir='ltr'><strong>vincere</strong></span> <span class='ocrx_word' id='word_1_207' title='bbox 1040 2433 1432 2518; x_wconf 87' lang='lat' dir='ltr'><strong>aggreditur.</strong></span> <span class='ocrx_word' id='word_1_208' title='bbox 1492 2431 1696 2517; x_wconf 89' lang='lat' dir='ltr'><strong>igitur</strong></span> <span class='ocrx_word' id='word_1_209' title='bbox 1732 2430 1950 2495; x_wconf 83' lang='lat' dir='ltr'><strong>omnia</strong></span> <span class='ocrx_word' id='word_1_210' title='bbox 1980 2430 2270 2496; x_wconf 83' lang='lat' dir='ltr'><strong>iumenta</strong></span> <span class='ocrx_word' id='word_1_211' title='bbox 2307 2448 2338 2497; x_wconf 85' lang='lat'><strong>3</strong></span> 
     </span>
     <span class='ocr_line' id='line_1_28' title="bbox 259 2518 2531 2603; baseline 0 -21"><span class='ocrx_word' id='word_1_212' title='bbox 259 2518 536 2583; x_wconf 88' lang='lat' dir='ltr'><strong>sarcinis</strong></span> <span class='ocrx_word' id='word_1_213' title='bbox 581 2518 783 2584; x_wconf 84' lang='lat' dir='ltr'><strong>levari</strong></span> <span class='ocrx_word' id='word_1_214' title='bbox 825 2519 1010 2585; x_wconf 90' lang='lat' dir='ltr'><strong>iubet</strong></span> <span class='ocrx_word' id='word_1_215' title='bbox 1052 2520 1182 2584; x_wconf 89' lang='lat' dir='ltr'><strong>nisi</strong></span> <span class='ocrx_word' id='word_1_216' title='bbox 1225 2519 1552 2584; x_wconf 83' lang='lat' dir='ltr'><strong>frumento</strong></span> <span class='ocrx_word' id='word_1_217' title='bbox 1582 2518 1849 2583; x_wconf 47' lang='lat' dir='ltr'><strong>‘dierum</strong></span> <span class='ocrx_word' id='word_1_218' title='bbox 1889 2518 2128 2603; x_wconf 87' lang='lat' dir='ltr'><strong>decem,</strong></span> <span class='ocrx_word' id='word_1_219' title='bbox 2175 2540 2270 2583; x_wconf 92' lang='lat' dir='ltr'><strong>ce-</strong></span> <span class='ocrx_word' id='word_1_220' title='bbox 2519 2564 2531 2576; x_wconf 83' lang='lat'><strong>.</strong></span> 
     </span>
     <span class='ocr_line' id='line_1_29' title="bbox 262 2547 2588 2698; baseline 0.001 -29"><span class='ocrx_word' id='word_1_221' title='bbox 262 2609 479 2670; x_wconf 87' lang='lat' dir='ltr'><strong>terum</strong></span> <span class='ocrx_word' id='word_1_222' title='bbox 500 2606 688 2687; x_wconf 65' lang='lat' dir='ltr'><strong>‚utris</strong></span> <span class='ocrx_word' id='word_1_223' title='bbox 735 2607 925 2673; x_wconf 90' lang='lat' dir='ltr'><strong>modo</strong></span> <span class='ocrx_word' id='word_1_224' title='bbox 971 2612 1041 2698; x_wconf 75' lang='lat' dir='ltr'><strong>et</strong></span> <span class='ocrx_word' id='word_1_225' title='bbox 1086 2607 1215 2673; x_wconf 88' lang='lat' dir='ltr'><strong>alia</strong></span> <span class='ocrx_word' id='word_1_226' title='bbox 1259 2629 1463 2692; x_wconf 89' lang='lat' dir='ltr'><strong>aquae</strong></span> <span class='ocrx_word' id='word_1_227' title='bbox 1499 2607 1730 2673; x_wconf 89' lang='lat' dir='ltr'><strong>idonea</strong></span> <span class='ocrx_word' id='word_1_228' title='bbox 1769 2606 2036 2690; x_wconf 90' lang='lat' dir='ltr'><strong>portari.</strong></span> <span class='ocrx_word' id='word_1_229' title='bbox 2091 2628 2270 2692; x_wconf 86' lang='lat' dir='ltr'><strong>prae·</strong></span> <span class='ocrx_word' id='word_1_230' title='bbox 2307 2547 2588 2685; x_wconf 42' lang='lat' dir='ltr'><strong>magua</strong></span> 
     </span>
     <span class='ocr_line' id='line_1_30' title="bbox 257 2694 2272 2781; baseline 0 -23"><span class='ocrx_word' id='word_1_231' title='bbox 257 2698 444 2758; x_wconf 89' lang='lat' dir='ltr'><strong>terea</strong></span> <span class='ocrx_word' id='word_1_232' title='bbox 479 2694 805 2778; x_wconf 87' lang='lat' dir='ltr'><strong>conquirit</strong></span> <span class='ocrx_word' id='word_1_233' title='bbox 838 2716 918 2759; x_wconf 82' lang='lat' dir='ltr'><strong>ex</strong></span> <span class='ocrx_word' id='word_1_234' title='bbox 955 2696 1130 2780; x_wconf 88' lang='lat' dir='ltr'><strong>agris</strong></span> <span class='ocrx_word' id='word_1_235' title='bbox 1168 2718 1361 2779; x_wconf 91' lang='lat' dir='ltr'><strong>quam</strong></span> <span class='ocrx_word' id='word_1_236' title='bbox 1390 2695 1763 2781; x_wconf 89' lang='lat' dir='ltr'><strong>plurumum</strong></span> <span class='ocrx_word' id='word_1_237' title='bbox 1790 2698 2012 2778; x_wconf 87' lang='lat' dir='ltr'><strong>potest</strong></span> <span class='ocrx_word' id='word_1_238' title='bbox 2038 2695 2272 2761; x_wconf 88' lang='lat' dir='ltr'><strong>domiti</strong></span> 
     </span>
    </p>

    <p class='ocr_par' dir='ltr' id='par_1_9' title="bbox 260 2781 2269 2868">
     <span class='ocr_line' id='line_1_31' title="bbox 260 2781 2269 2868; baseline 0.001 -22"><span class='ocrx_word' id='word_1_239' title='bbox 260 2782 543 2866; x_wconf 87' lang='lat' dir='ltr'><strong>pecoris:</strong></span> <span class='ocrx_word' id='word_1_240' title='bbox 589 2804 665 2847; x_wconf 89' lang='lat' dir='ltr'><strong>eo</strong></span> <span class='ocrx_word' id='word_1_241' title='bbox 711 2781 967 2866; x_wconf 87' lang='lat' dir='ltr'><strong>inponit</strong></span> <span class='ocrx_word' id='word_1_242' title='bbox 1010 2805 1168 2847; x_wconf 84' lang='lat' dir='ltr'><strong>vasa</strong></span> <span class='ocrx_word' id='word_1_243' title='bbox 1212 2784 1520 2867; x_wconf 91' lang='lat' dir='ltr'><strong>cuiusque</strong></span> <span class='ocrx_word' id='word_1_244' title='bbox 1567 2783 1761 2866; x_wconf 91' lang='lat' dir='ltr'><strong>modi,</strong></span> <span class='ocrx_word' id='word_1_245' title='bbox 1807 2783 1919 2848; x_wconf 89' lang='lat' dir='ltr'><strong>sed</strong></span> <span class='ocrx_word' id='word_1_246' title='bbox 1962 2784 2269 2868; x_wconf 89' lang='lat' dir='ltr'><strong>pleraque</strong></span> 
     </span>
    </p>

    <p class='ocr_par' dir='ltr' id='par_1_10' title="bbox 259 2869 2338 2955">
     <span class='ocr_line' id='line_1_32' title="bbox 259 2869 2338 2955; baseline 0 -21"><span class='ocrx_word' id='word_1_247' title='bbox 259 2869 506 2955; x_wconf 87' lang='lat' dir='ltr'><strong>lignea,</strong></span> <span class='ocrx_word' id='word_1_248' title='bbox 551 2869 842 2934; x_wconf 87' lang='lat' dir='ltr'><strong>conlecta</strong></span> <span class='ocrx_word' id='word_1_249' title='bbox 885 2891 963 2934; x_wconf 87' lang='lat' dir='ltr'><strong>ex</strong></span> <span class='ocrx_word' id='word_1_250' title='bbox 1007 2871 1289 2955; x_wconf 89' lang='lat' dir='ltr'><strong>tuguriis</strong></span> <span class='ocrx_word' id='word_1_251' title='bbox 1336 2870 1783 2936; x_wconf 90' lang='lat' dir='ltr'><strong>Numidarum.</strong></span> <span class='ocrx_word' id='word_1_252' title='bbox 1839 2870 1920 2934; x_wconf 89' lang='lat' dir='ltr'><strong>ad</strong></span> <span class='ocrx_word' id='word_1_253' title='bbox 1961 2870 2086 2936; x_wconf 94' lang='lat' dir='ltr'><strong>hoc</strong></span> <span class='ocrx_word' id='word_1_254' title='bbox 2130 2871 2269 2935; x_wconf 89' lang='lat' dir='ltr'><strong>fini·</strong></span> <span class='ocrx_word' id='word_1_255' title='bbox 2308 2889 2338 2935; x_wconf 78' lang='lat'><strong>5</strong></span> 
     </span>
    </p>

    <p class='ocr_par' dir='ltr' id='par_1_11' title="bbox 260 2955 2399 3043">
     <span class='ocr_line' id='line_1_33' title="bbox 260 2955 2399 3043; baseline 0 -21"><span class='ocrx_word' id='word_1_256' title='bbox 260 2957 463 3022; x_wconf 89' lang='lat' dir='ltr'><strong>tumis</strong></span> <span class='ocrx_word' id='word_1_257' title='bbox 510 2957 806 3041; x_wconf 87' lang='lat' dir='ltr'><strong>imperat,</strong></span> <span class='ocrx_word' id='word_1_258' title='bbox 851 2957 964 3041; x_wconf 90' lang='lat' dir='ltr'><strong>qui</strong></span> <span class='ocrx_word' id='word_1_259' title='bbox 1010 2978 1080 3022; x_wconf 89' lang='lat' dir='ltr'><strong>se</strong></span> <span class='ocrx_word' id='word_1_260' title='bbox 1115 2962 1269 3042; x_wconf 89' lang='lat' dir='ltr'><strong>post</strong></span> <span class='ocrx_word' id='word_1_261' title='bbox 1304 2957 1476 3043; x_wconf 88' lang='lat' dir='ltr'><strong>regis</strong></span> <span class='ocrx_word' id='word_1_262' title='bbox 1519 2957 1746 3043; x_wconf 83' lang='lat' dir='ltr'><strong>fugam</strong></span> <span class='ocrx_word' id='word_1_263' title='bbox 1780 2955 2049 3022; x_wconf 89' lang='lat' dir='ltr'><strong>Metello</strong></span> <span class='ocrx_word' id='word_1_264' title='bbox 2087 2958 2267 3023; x_wconf 87' lang='lat' dir='ltr'><strong>dede-</strong></span> <span class='ocrx_word' id='word_1_265' title='bbox 2395 3040 2399 3043; x_wconf 72' lang='lat'><strong>.</strong></span> 
     </span>
    </p>

    <p class='ocr_par' dir='ltr' id='par_1_12' title="bbox 258 3044 2455 3217">
     <span class='ocr_line' id='line_1_34' title="bbox 260 3044 2455 3129; baseline 0 -21"><span class='ocrx_word' id='word_1_266' title='bbox 260 3048 436 3128; x_wconf 90' lang='lat' dir='ltr'><strong>rant,</strong></span> <span class='ocrx_word' id='word_1_267' title='bbox 497 3066 690 3128; x_wconf 89' lang='lat' dir='ltr'><strong>quam</strong></span> <span class='ocrx_word' id='word_1_268' title='bbox 732 3044 1107 3127; x_wconf 89' lang='lat' dir='ltr'><strong>plurumum</strong></span> <span class='ocrx_word' id='word_1_269' title='bbox 1163 3045 1435 3129; x_wconf 90' lang='lat' dir='ltr'><strong>quisque</strong></span> <span class='ocrx_word' id='word_1_270' title='bbox 1473 3066 1686 3127; x_wconf 85' lang='lat' dir='ltr'><strong>aquae</strong></span> <span class='ocrx_word' id='word_1_271' title='bbox 1731 3047 2052 3129; x_wconf 85' lang='lat' dir='ltr'><strong>portaret3</strong></span> <span class='ocrx_word' id='word_1_272' title='bbox 2096 3045 2267 3109; x_wconf 87' lang='lat' dir='ltr'><strong>diem</strong></span> <span class='ocrx_word' id='word_1_273' title='bbox 2448 3046 2455 3056; x_wconf 82' lang='lat'>&#39;</span> 
     </span>
     <span class='ocr_line' id='line_1_35' title="bbox 258 3131 2337 3217; baseline 0 -20"><span class='ocrx_word' id='word_1_274' title='bbox 258 3132 619 3216; x_wconf 89' lang='lat' dir='ltr'><strong>locumque,</strong></span> <span class='ocrx_word' id='word_1_275' title='bbox 644 3131 758 3195; x_wconf 91' lang='lat' dir='ltr'><strong>ubi</strong></span> <span class='ocrx_word' id='word_1_276' title='bbox 772 3132 1336 3216; x_wconf 63' lang='lat' dir='ltr'><strong>pmststfuerint,</strong></span> <span class='ocrx_word' id='word_1_277' title='bbox 1362 3131 1693 3217; x_wconf 86' lang='lat' dir='ltr'><strong>praedicit.</strong></span> <span class='ocrx_word' id='word_1_278' title='bbox 1731 3132 1870 3214; x_wconf 89' lang='lat' dir='ltr'><strong>ipse</strong></span> <span class='ocrx_word' id='word_1_279' title='bbox 1891 3153 1969 3195; x_wconf 83' lang='lat' dir='ltr'><strong>ex</strong></span> <span class='ocrx_word' id='word_1_280' title='bbox 1985 3131 2268 3216; x_wconf 88' lang='lat' dir='ltr'><strong>flumine,</strong></span> <span class='ocrx_word' id='word_1_281' title='bbox 2306 3149 2337 3197; x_wconf 83' lang='grc'><strong>6</strong></span> 
     </span>
    </p>

    <p class='ocr_par' dir='ltr' id='par_1_13' title="bbox 259 3219 2268 3304">
     <span class='ocr_line' id='line_1_36' title="bbox 259 3219 2268 3304; baseline 0 -21"><span class='ocrx_word' id='word_1_282' title='bbox 259 3241 457 3304; x_wconf 87' lang='lat' dir='ltr'><strong>quam</strong></span> <span class='ocrx_word' id='word_1_283' title='bbox 501 3240 884 3302; x_wconf 83' lang='lat' dir='ltr'><strong>proxumam</strong></span> <span class='ocrx_word' id='word_1_284' title='bbox 938 3220 1177 3304; x_wconf 88' lang='lat' dir='ltr'><strong>oppido</strong></span> <span class='ocrx_word' id='word_1_285' title='bbox 1233 3241 1472 3304; x_wconf 88' lang='lat' dir='ltr'><strong>aquam</strong></span> <span class='ocrx_word' id='word_1_286' title='bbox 1526 3240 1666 3284; x_wconf 90' lang='lat' dir='ltr'><strong>esse</strong></span> <span class='ocrx_word' id='word_1_287' title='bbox 1723 3240 1918 3302; x_wconf 87' lang='lat' dir='ltr'><strong>supra</strong></span> <span class='ocrx_word' id='word_1_288' title='bbox 1972 3219 2268 3303; x_wconf 86' lang='lat' dir='ltr'><strong>diximus,</strong></span> 
     </span>
    </p>

    <p class='ocr_par' dir='ltr' id='par_1_14' title="bbox 252 3292 2644 3653">
     <span class='ocr_line' id='line_1_37' title="bbox 256 3292 2644 3419; baseline 0.002 -49"><span class='ocrx_word' id='word_1_289' title='bbox 256 3307 548 3371; x_wconf 88' lang='lat' dir='ltr'><strong>iumenta</strong></span> <span class='ocrx_word' id='word_1_290' title='bbox 594 3311 837 3371; x_wconf 87' lang='lat' dir='ltr'><strong>onerat.</strong></span> <span class='ocrx_word' id='word_1_291' title='bbox 910 3329 985 3373; x_wconf 91' lang='lat' dir='ltr'><strong>eo</strong></span> <span class='ocrx_word' id='word_1_292' title='bbox 1033 3308 1224 3374; x_wconf 90' lang='lat' dir='ltr'><strong>modo</strong></span> <span class='ocrx_word' id='word_1_293' title='bbox 1270 3307 1631 3372; x_wconf 87' lang='lat' dir='ltr'><strong>instructus</strong></span> <span class='ocrx_word' id='word_1_294' title='bbox 1674 3306 1762 3389; x_wconf 34' lang='grc' dir='ltr'><strong>,ξε-,(1</strong></span> <span class='ocrx_word' id='word_1_295' title='bbox 1806 3305 2080 3371; x_wconf 86' lang='lat' dir='ltr'><strong>Thalam</strong></span> <span class='ocrx_word' id='word_1_296' title='bbox 2124 3292 2644 3419; x_wconf 49' lang='lat' dir='ltr'><strong>pro-fflddfflg</strong></span> 
     </span>
     <span class='ocr_line' id='line_1_38' title="bbox 255 3392 2643 3478; baseline 0.001 -21"><span class='ocrx_word' id='word_1_297' title='bbox 255 3393 587 3459; x_wconf 83' lang='lat' dir='ltr'><strong>ficiscitur.</strong></span> <span class='ocrx_word' id='word_1_298' title='bbox 652 3393 880 3458; x_wconf 85' lang='lat' dir='ltr'><strong>deinde</strong></span> <span class='ocrx_word' id='word_1_299' title='bbox 924 3395 1039 3459; x_wconf 89' lang='lat' dir='ltr'><strong>ubi</strong></span> <span class='ocrx_word' id='word_1_300' title='bbox 1084 3395 1165 3459; x_wconf 94' lang='lat' dir='ltr'><strong>ad</strong></span> <span class='ocrx_word' id='word_1_301' title='bbox 1210 3395 1278 3459; x_wconf 90' lang='lat' dir='ltr'><strong>id</strong></span> <span class='ocrx_word' id='word_1_302' title='bbox 1312 3395 1442 3459; x_wconf 90' lang='lat' dir='ltr'><strong>loci</strong></span> <span class='ocrx_word' id='word_1_303' title='bbox 1478 3398 1761 3478; x_wconf 85' lang='lat' dir='ltr'><strong>ventum,</strong></span> <span class='ocrx_word' id='word_1_304' title='bbox 1807 3414 1936 3478; x_wconf 91' lang='lat' dir='ltr'><strong>quo</strong></span> <span class='ocrx_word' id='word_1_305' title='bbox 1964 3392 2265 3459; x_wconf 88' lang='lat' dir='ltr'><strong>Numidis</strong></span> <span class='ocrx_word' id='word_1_306' title='bbox 2306 3411 2333 3459; x_wconf 78' lang='grc'><strong>7</strong></span> <span class='ocrx_word' id='word_1_307' title='bbox 2642 3435 2643 3474; x_wconf 71' lang='grc'><strong>;</strong></span> 
     </span>
     <span class='ocr_line' id='line_1_39' title="bbox 252 3397 2643 3575; baseline 0 -30"><span class='ocrx_word' id='word_1_308' title='bbox 252 3485 697 3565; x_wconf 86' lang='lat' dir='ltr'><strong>praeceperat,</strong></span> <span class='ocrx_word' id='word_1_309' title='bbox 752 3485 822 3545; x_wconf 89' lang='lat' dir='ltr'><strong>et</strong></span> <span class='ocrx_word' id='word_1_310' title='bbox 875 3486 1090 3546; x_wconf 87' lang='lat' dir='ltr'><strong>castra</strong></span> <span class='ocrx_word' id='word_1_311' title='bbox 1141 3482 1360 3565; x_wconf 85' lang='lat' dir='ltr'><strong>posita</strong></span> <span class='ocrx_word' id='word_1_312' title='bbox 1414 3481 1791 3567; x_wconf 89' lang='lat' dir='ltr'><strong>munitaque</strong></span> <span class='ocrx_word' id='word_1_313' title='bbox 1850 3486 2029 3566; x_wconf 87' lang='lat' dir='ltr'><strong>sunt,</strong></span> <span class='ocrx_word' id='word_1_314' title='bbox 2083 3485 2271 3546; x_wconf 86' lang='lat' dir='ltr'><strong>tanta</strong></span> <span class='ocrx_word' id='word_1_315' title='bbox 2381 3397 2513 3575; x_wconf 62' lang='grc' dir='ltr'><em>ἴ</em></span> <span class='ocrx_word' id='word_1_316' title='bbox 2642 3495 2643 3518; x_wconf 73' lang='lat'><em>³</em></span> 
     </span>
     <span class='ocr_line' id='line_1_40' title="bbox 254 3568 2400 3653; baseline 0.002 -21"><span class='ocrx_word' id='word_1_317' title='bbox 254 3574 522 3653; x_wconf 87' lang='lat' dir='ltr'><strong>repente</strong></span> <span class='ocrx_word' id='word_1_318' title='bbox 586 3568 764 3634; x_wconf 83' lang='lat' dir='ltr'><strong>caelo</strong></span> <span class='ocrx_word' id='word_1_319' title='bbox 822 3569 1022 3634; x_wconf 85' lang='lat' dir='ltr'><strong>missa</strong></span> <span class='ocrx_word' id='word_1_320' title='bbox 1080 3570 1173 3635; x_wconf 67' lang='lat' dir='ltr'><strong>vis</strong></span> <span class='ocrx_word' id='word_1_321' title='bbox 1229 3588 1432 3652; x_wconf 88' lang='lat' dir='ltr'><strong>aquae</strong></span> <span class='ocrx_word' id='word_1_322' title='bbox 1488 3569 1752 3653; x_wconf 82' lang='lat' dir='ltr'><strong>dicitur,</strong></span> <span class='ocrx_word' id='word_1_323' title='bbox 1816 3574 1891 3634; x_wconf 93' lang='lat' dir='ltr'><strong>ut</strong></span> <span class='ocrx_word' id='word_1_324' title='bbox 1946 3590 2022 3634; x_wconf 89' lang='lat' dir='ltr'><strong>ea</strong></span> <span class='ocrx_word' id='word_1_325' title='bbox 2075 3570 2266 3635; x_wconf 90' lang='lat' dir='ltr'><strong>modo</strong></span> <span class='ocrx_word' id='word_1_326' title='bbox 2394 3631 2400 3637; x_wconf 88' lang='lat'><strong>.</strong></span> 
     </span>
    </p>
   </div>
  </div>
 </body>
</html>
