2650 4059
602 259 920 315 SELECTA
953 261 1309 317 VETERUM
1345 262 1808 319 TESTIMONIA.
2102 265 2234 319 ΧΠΙ

210 409 399 484 atque
437 409 699 468 exerceri
732 410 1024 488 videmuS‚
1070 410 1134 468 in
1172 410 1477 471 adulterio
1524 412 1961 487 deprehensum
2006 412 2080 472 ab
2109 412 2233 472 An·

209 494 314 554 nio
351 495 576 554 Milone
621 497 768 557 loris
802 497 953 557 bene
992 516 1231 558 caesum
1268 499 1418 559 dicit
1452 502 1530 578 et,
1574 518 1713 559 cum
1748 501 2011 560 dedisset
2052 520 2233 578 pecu·

209 582 393 660 niam,
439 583 768 644 dimissum.

346 703 558 765 Ascon.
612 710 677 767 in
724 707 841 768 Cic.
896 725 981 768 or.
1027 727 1145 783 pro
1198 710 1335 769 Mil.
1378 728 1444 783 p.
1490 710 1576 769 33
1628 710 1838 771 Kiessl.
1898 714 1951 770 et
2000 710 2234 771 Schoell.

212 791 363 866 (146
405 794 637 854 Hotom.
682 796 768 855 38
810 796 1032 870 Bait).-

344 882 507 941 inter
567 884 794 960 primos
870 886 933 943 et
995 882 1061 953 Q.
1125 884 1449 962 Pompeius
1523 888 1587 945 et
1648 883 1712 945 C.
1778 884 2107 946 Sallustius
2172 889 2235 946 et

212 970 280 1028 T.
326 970 636 1030 Munatius
694 971 955 1031 Plancus
1005 972 1237 1031 tribuni
1287 972 1483 1049 plebis
1539 971 1631 1048 [a.
1677 976 1803 1033 702
1848 998 1935 1021 =--·
1980 971 2099 1049 52]
2142 974 2232 1032 in-

210 1057 592 1117 imicissimas
628 1060 939 1119 contiones
975 1060 1048 1119 de
1074 1060 1300 1120 Milone
1337 1060 1657 1139 habebant,
1692 1061 2020 1121 invidiosas
2049 1062 2235 1121 etiam

211 1144 288 1203 de
334 1143 618 1205 Cicerone
634 1192 650 1224 ,
696 1147 859 1225 quod
901 1147 1186 1207 Milonem
1229 1151 1403 1208 tanto
1452 1149 1653 1209 studio
1699 1149 2066 1210 defenderet.
2113 1196 2126 1208 .
2165 1194 2179 1209 .
2217 1195 2233 1211 .

211 1235 427 1309 postea
470 1233 793 1310 Pompeius
840 1238 904 1295 et
940 1235 1267 1295 Sallustius
1312 1237 1378 1294 in
1424 1237 1761 1313 suspicione
1806 1238 2057 1297 fuerunt
2100 1237 2232 1296 red-

211 1320 332 1398 isse
375 1321 439 1381 in
483 1323 744 1404 gratiam
787 1341 927 1381 cum
970 1323 1195 1383 Milone
1243 1341 1312 1382 ac
1360 1321 1658 1384 Cicerone.

346 1445 466 1503 Dio
513 1444 632 1504 XL
669 1446 769 1512 63,
814 1448 858 1503 2
892 1463 1041 1519 sqq..-

346 1529 448 1591 καὶ
489 1530 602 1613 γὰρ
645 1529 882 1611 τιμηταὶ
933 1531 1036 1593 τὸν
1089 1532 1303 1614 χρόνον
1348 1540 1560 1595 τοῦτον
1604 1532 1695 1608 [a.
1741 1537 1862 1594 704
1910 1559 1993 1582 ==
2039 1531 2153 1609 50]
2198 1532 2234 1593 ὅ

213 1640 273 1678 τε
317 1619 616 1691 Κλαύδιος
663 1616 695 1679 6
725 1616 980 1692 ’Ἀππιος
1022 1619 1125 1680 καὶ
1169 1617 1203 1681 6
1246 1620 1477 1700 Πίσων,
1525 1620 1716 1682 καίτοι
1760 1620 1841 1700 μὴ
1887 1621 2231 1700 βουληθείς,

212 1703 500 1785 ἐγένοντο.
585 1705 688 1767 καὶ
745 1700 920 1779 οὗτος
977 1704 1086 1786 μὲν
1146 1706 1246 1770 διὰ
1302 1707 1413 1786 τὴν
1470 1707 1810 1789 συγγένειαν
1868 1708 2090 1788 ὑπῆρχε
2148 1730 2226 1769 τω

212 1794 500 1875 Καίσαρι,
556 1791 588 1854 6
635 1791 700 1856 δὲ
745 1793 821 1872 δὴ
866 1796 1167 1868 Κλαύδιος
1209 1793 1563 1874 ηναντιοῦτο
1608 1793 1715 1876 μὲν
1758 1795 1951 1904 αύτῷ,
2003 1796 2074 1856 τὰ
2117 1796 2229 1878 γὰρ

212 1890 320 1943 τοῦ
364 1882 689 1961 Πομπηίου
731 1878 958 1967 ᾑρεῖτο,
1018 1881 1130 1945 ούκ
1173 1882 1436 1963 ἐλάχιστα
1481 1880 1545 1944 δὲ
1588 1883 1758 1945 καὶ’
1732 1882 1896 1945 άκων
1940 1881 2230 1963 ὠφέλησε·

212 1969 519 2042 πλείστους
560 1969 674 2052 γὰρ
725 1968 826 2031 καὶ
878 1979 995 2031 τῶν
1050 1969 1273 2032 ἱππέων
1317 1970 1420 2032 καὶ
1461 1979 1580 2032 τῶν
1623 1974 1956 2051 βουλευτῶν
2001 1970 2229 2052 διέγρα-

212 2071 354 2136 ψεν,
398 2056 819 2137 ἐκβιασάμενος
863 2057 966 2118 τὸν
1010 2059 1396 2140 συνάρχοντα,
1438 2057 1553 2119 κάκ
1595 2060 1808 2121 τούτου
1850 2060 2076 2132 πάντας
2120 2058 2228 2120 αύ-

212 2144 353 2216 τους
409 2144 482 2205 τὰ
538 2154 645 2207 τοῦ
703 2146 1003 2254 Καίσαρος
1059 2151 1307 2228 φρονεῖν
1365 2145 1655 2225 ἐποίησεν.
1757 2144 1791 2208 6
1846 2146 1959 2229 γὰρ
2018 2148 2224 2208 Πίσων

215 2227 343 2293 οὔτ’
392 2230 580 2307 άλλως
624 2228 917 2315 πράγματ’
967 2232 1116 2313 ἔχειν
1160 2232 1384 2295 ἐθέλων
1441 2233 1543 2295 καὶ
1585 2234 1732 2314 πρὸς
1775 2233 1885 2313 τὴν
1929 2244 2037 2296 τοῦ
2079 2259 2227 2315 γαμ-

212 2322 366 2401 βροῦ
411 2321 616 2397 φιλίαν
658 2321 914 2394 πολλοὺς
957 2322 1306 2403 θεραπεύων
1354 2320 1533 2395 αὐτὸς
1587 2319 1693 2402 μὲν
1739 2319 1917 2384 οὐδὲν
1960 2332 2228 2384 τοιοῦτον

213 2407 509 2487 ἐποίησεν,
551 2407 754 2470 ἐκείνω
800 2406 863 2470 δε
909 2407 1021 2470 ούκ
1065 2408 1383 2490 ἀντέπραξε
1426 2409 1650 2481 πάντας
1686 2407 1792 2489 μὲν
1828 2410 1968 2482 τοὺς
2012 2409 2077 2471 ἐκ
2112 2419 2229 2472 τῶν

214 2494 626 2577 ἀπελευθέρων
642 2541 661 2574 ,
713 2496 966 2577 συχνους
1022 2494 1088 2562 δὲ
1130 2496 1234 2557 καὶ
1275 2505 1393 2558 τῶν
1436 2498 1599 2558 πάνυ
1641 2498 1961 2579 γενναίων,
2016 2495 2230 2570 άλλους

213 2605 274 2645 τε
316 2583 419 2645 καὶ
460 2583 564 2645 τὸν
607 2584 875 2666 Κρίσπον
919 2583 1023 2646 τὸν
1068 2585 1435 2647 Σαλούστιον
1479 2584 1583 2647 τὸν
1627 2584 1736 2665 τὴν
1782 2586 2043 2666 ἱστορίαν
2087 2585 2229 2666 γρά-

212 2686 438 2751 ψαντα,
481 2670 833 2734 άπελάσαντι
875 2671 944 2733 ἐκ
986 2682 1092 2736 τοῦ
1139 2673 1471 2754 συνεδρίου.

345 2782 465 2839 inv.
507 2782 573 2839 in
616 2779 759 2839 Sall.
806 2782 864 2847 6,
909 2781 989 2838 16
1025 2797 1138 2853 sq..·

348 2866 510 2944 quod
563 2867 616 2926 si
660 2911 674 2926 .
714 2913 727 2926 .
766 2911 780 2926 .
818 2910 832 2925 .
886 2866 1042 2926 illud
1085 2867 1423 2926 censorium
1467 2868 1776 2945 eloquium
1818 2866 2006 2943 Appii
2050 2866 2228 2926 Clau-

214 2955 301 3013 dii
344 2957 409 3013 et
452 2954 520 3013 L.
564 2954 825 3031 Pisonis,
868 2955 1393 3032 integerrimorum
1435 2955 1732 3032 virorum,
1778 2973 1898 3032 quo
1941 2973 2090 3015 usus
2134 2959 2232 3015 est

215 3042 471 3120 quisque
509 3060 734 3120 eorum,
769 3061 878 3119 pro
916 3042 1050 3119 lege
1084 3043 1289 3118 palam
1321 3042 1621 3102 universis
1655 3042 1989 3119 recitarem,
2032 3062 2229 3102 nonne

212 3129 328 3189 tibi
371 3129 609 3190 viderer
653 3133 928 3189 aeternas
972 3130 1211 3189 inurere
1256 3130 1550 3204 maculas,
1612 3147 1762 3207 quas
1819 3129 2057 3206 reliqua
2097 3130 2230 3190 vita

212 3221 323 3277 tua
368 3218 570 3276 eluere
612 3235 732 3277 non
776 3215 1022 3295 posset?
1073 3236 1267 3295 neque
1311 3220 1453 3294 post
1505 3216 1683 3276 illum
1726 3216 2015 3275 dilectum
2059 3234 2228 3275 sena·

212 3309 314 3365 tus
358 3305 622 3365 vidimus
667 3310 748 3382 te,
793 3306 913 3365 nisi
957 3305 1115 3364 forte
1158 3306 1223 3364 in
1268 3323 1342 3364 ea
1384 3309 1448 3364 te
1493 3308 1691 3364 castra
1736 3304 2061 3379 coniecisti,
2106 3323 2226 3381 quo

214 3394 405 3452 omnis
460 3393 698 3452 sentina
747 3394 837 3452 rei
887 3391 1166 3469 publicae
1220 3392 1607 3452 confluxerat.
1699 3395 1765 3451 at
1815 3391 1976 3450 idem
2029 3390 2228 3450 Sallu-

212 3481 399 3558 stius,
460 3480 568 3557 qui
619 3481 683 3538 in
725 3499 874 3557 pace
932 3498 1009 3539 ne
1055 3483 1296 3540 senator
1340 3480 1584 3557 quidem
1628 3482 1959 3556 manserat,
2016 3483 2229 3555 postea

209 3588 390 3648 quam
452 3585 549 3627 res
605 3568 850 3644 publica
904 3567 1089 3627 armis
1146 3585 1431 3644 oppressa
1490 3571 1612 3646 est,
1681 3568 1840 3627 idem
1894 3586 1934 3625 a
1982 3567 2228 3644 victore,
