2650 4059
463 239 592 305 120
1121 232 1178 288 o,
1218 230 1555 287 smus‘n
1590 230 1824 286 omsm

388 396 419 444 ’1
460 384 808 449 advorsum
884 380 1171 443 armatos
1236 375 1438 441 armis
1501 378 1776 441 tutatus
1822 397 1985 440 sum.
2086 375 2157 440 id
2218 375 2478 459 omitto,

389 571 423 622 ⁸
460 463 1916 659 {3395&3123221313203035303352
1933 462 2136 652 35¹3
2170 485 2346 615 ,ἰῖ
2373 462 2480 615 ἓξ

460 651 528 713 et
560 644 904 746 Micipsam
938 640 1085 725 fuit,
1127 662 1262 706 non
1297 639 1594 726 egrediar
1627 661 1838 725 neque
1871 639 1941 704 id
1975 638 2220 705 intrare
2250 639 2479 724 Iugur-

459 735 647 800 tham
684 732 910 797 sinam.
971 732 1312 813 praeterea
1340 728 1398 792 si
1426 727 1581 811 quid
1607 749 1837 811 meque
1863 723 2177 812 vobisque
2204 726 2478 813 dignum

458 820 786 909 petiveris‚
829 819 1005 883 haud
1048 816 1346 901 repulsus
1393 813 1647 880 abibis?

305 908 430 975 111
593 908 700 974 Ad
746 928 822 971 ea
867 904 1051 971 Sulla
1102 925 1222 989 pro
1277 925 1348 969 se
1400 902 1691 968 breviter
1743 906 1811 967 et
1854 903 2132 988 modice,
2186 903 2265 968 de
2318 925 2478 987 pace

462 1001 532 1063 et
577 993 1027 1062 communibus
1071 992 1266 1059 rebus
1312 990 1540 1055 multis
1588 990 1911 1056 disseruit.
2001 991 2275 1075 denique
2335 991 2478 1077 regi

460 1083 789 1170 patefecit,
826 1081 998 1183 quod
1023 1080 1427 1180 polliceatur,
1464 1081 1763 1143 senatum
1797 1081 1868 1142 et
1900 1079 2216 1162 populum
2242 1078 2479 1144 Roma-

461 1193 638 1254 num,
667 1169 974 1254 quoniam
1000 1168 1200 1232 armis
1228 1165 1510 1251 amplius
1536 1166 1915 1250 valuissent,
1939 1187 2077 1231 non
2098 1166 2169 1230 in
2194 1168 2481 1269 gratiam

440 1260 825 1325 habituros.
885 1256 1259 1322 faciundum
1295 1275 1437 1319 esse
1474 1254 1738 1338 aliquid,
1773 1216 1948 1338 quo⁷d
1972 1254 2236 1319 illorum
2266 1256 2480 1342 magis

466 1369 664 1449 quam
691 1367 811 1411 sua
835 1344 1170 1410 rettulisse
1196 1342 1541 1408 videretur.
1585 1341 1653 1405 id
1681 1341 1897 1407 adeo
1878 1364 1950 1406 ιιι
1972 1346 2285 1444 promptu
2323 1364 2482 1426 esse,

466 1435 776 1538 quoniam
820 1432 1076 1516 copiam
1119 1429 1479 1515 Iugurthae
1522 1429 1813 1494 haberet.
1904 1451 2098 1514 quem
2142 1429 2199 1494 si
2244 1429 2482 1496 Roma-

464 1525 568 1590 nis
605 1520 1002 1601 tradidisset,
1047 1518 1187 1583 fore
1222 1522 1301 1582 ut
1335 1518 1437 1583 ι11ι
1473 1538 1670 1601 quam
1703 1518 2078 1601 plurumum
2112 1517 2483 1603 deberetur-3

468 1609 826 1676 amicitiam
869 1567 1095 1672 foedus
1132 1605 1482 1671 Numidiae
1524 1609 1806 1690 partem,
1851 1627 2049 1690 quam
2098 1627 2272 1670 nunc
2304 1610 2483 1691 pete-

396 1712 430 1761 2
465 1701 594 1782 ret,
651 1700 794 1761 tum
836 1695 1014 1760 ultro
1062 1694 1502 1759 adventuram.
1590 1715 1716 1758 rex
1747 1693 1959 1778 primo
2003 1693 2327 1780 negitare.
2384 1715 2484 1759 co·
2618 1717 2619 1728 ¹

467 1784 845 1871 gnationem
891 1782 1323 1866 adfinitatem,
1376 1785 1713 1867 praeterea
1756 1780 1983 1847 foedus
2027 1781 2485 1867 intervenisse3
2618 1805 2619 1812 ¹

468 1873 550 1938 ad
584 1873 710 1938 hoc
747 1875 1052 1956 metuere,
1086 1892 1169 1935 ne
1205 1870 1381 1935 fluxa
1423 1870 1551 1934 fide
1586 1891 1743 1934 usus
1778 1868 2192 1954 popularium
2228 1870 2485 1936 animos
2618 1871 2619 1878 ’

469 1964 825 2044 avorteret‚
894 1958 1038 2044 quis
1094 1962 1160 2023 et
1211 1957 1535 2043 Iugurtha
1588 1979 1776 2022 carus
1832 1960 1900 2021 et
1953 1956 2233 2022 Romani
2285 1957 2486 2024 invisi
2588 2037 2589 2044 ἵ

399 2065 432 2113 3
471 2052 673 2114 erant.
756 2046 1030 2131 denique
1068 2046 1325 2130 saepius
1371 2045 1690 2130 fatigatus
1736 2044 1982 2109 lenitur
2027 2049 2095 2110 et
2137 2067 2216 2110 ex
2260 2047 2486 2111 volun-

397 2151 435 2201 4
470 2141 608 2202 tate
648 2134 866 2200 Sullae
904 2133 1123 2199 omnia
1168 2155 1237 2199 se
1281 2133 1610 2198 facturum
1653 2133 2003 2217 promittit.
2077 2136 2370 2199 ceterum
2405 2135 2487 2200 ad

471 2224 903 2290 simulandam
946 2243 1191 2307 pacem,
1237 2221 1419 2288 cuius
1465 2219 1752 2285 Numida
1798 2220 2088 2286 defessus
2131 2222 2310 2288 bello
2357 2223 2485 2288 avi·

469 2313 795 2378 dissumus
842 2314 1001 2395 erat,
1046 2330 1210 2395 quae
1255 2308 1449 2373 utilia
1491 2309 1636 2374 visa
1678 2308 2105 2374 constituunt.
2193 2309 2296 2374 ita
2341 2332 2486 2377 con-

467 2401 687 2486 posito
734 2401 885 2466 dolo
931 2361 1399 2485 digrediuntur.

318 2490 447 2556 112
605 2488 702 2554 At
744 2509 858 2553 rex
900 2490 1165 2571 postero
1210 2485 1314 2550 die
1359 2484 1708 2569 Asparem,
1760 2482 2120 2570 Iugurthae
2175 2484 2487 2571 legatum,
2616 2471 2617 2476 ἵ

472 2569 761 2661 appellat
804 2575 1090 2659 dicitque
1128 2572 1256 2637 sibi
1298 2595 1418 2657 per
1443 2572 1770 2638 Dabarem
1805 2594 1884 2637 ex
1918 2570 2103 2637 Sulla
2146 2574 2488 2675 cognitum

468 2685 663 2749 posse
710 2661 1196 2738 condicionibus
1240 2660 1490 2725 bellum
1531 2661 1714 2745 poni.
1762 2682 1959 2743 quam
2005 2661 2090 2726 ob
2124 2682 2267 2725 rem
2311 2662 2487 2747 regis

401 2769 435 2818 2
472 2751 574 2816 sui
629 2749 1024 2814 sententiam
1082 2747 1505 2832 exquireret..
1556 2748 1669 2813 ille
1725 2748 1938 2813 laetus
1991 2749 2064 2812 in
2116 2753 2336 2813 castra
2388 2749 2489 2814 Iu-

470 2836 748 2924 gurthae
800 2835 1252 2937 proficiscitur.
1343 2836 1569 2901 deinde
1623 2836 1704 2900 ab
1758 2836 1874 2901 illo
1931 2840 2166 2902 cuncta
2218 2838 2490 2903 edoctus

468 2927 820 3010 properato
845 2922 1079 2989 itinere
1113 2927 1267 3009 post
1303 2923 1476 2989 diem
1512 2927 1814 2990 octavum
1850 2923 2019 2988 redit
2046 2924 2128 3008 ad
2153 2923 2491 2990 Bocchum

470 3016 539 3081 et
584 3012 644 3076 ei
687 3010 950 3077 nuntiat
993 3011 1385 3098 Iugurtham
1431 3033 1663 3096 cupere
1711 3011 1969 3096 omnia,
2003 3033 2168 3097 quae
2213 3013 2492 3097 impera-

470 3103 716 3183 rentur,
752 3099 983 3185 facere,
1019 3101 1133 3165 sed
1159 3098 1370 3164 Mario
1404 3121 1637 3183 parum
1674 3100 2019 3184 confider03
2066 3122 2257 3184 saepe
2296 3106 2492 3167 antea
2612 3139 2615 3166 ι,

472 3210 621 3254 cum
665 3187 1170 3271 imperatoribus
1207 3187 1522 3252 Romanis
1557 3208 1785 3271 pacem
1822 3191 2206 3253 conventam
2239 3187 2494 3254 frustra

401 3293 436 3343 8
471 3276 695 3341 fuisse.
786 3280 1074 3341 ceterum
1126 3274 1426 3341 Bocchus
1491 3274 1548 3340 si
1611 3276 1930 3341 ambobus
1986 3275 2361 3342 consultum
2424 3281 2493 3341 et
2614 3293 2615 3296 ’

471 3367 685 3429 ratam
720 3385 948 3448 pacem
974 3364 1191 3448 vellet,
1237 3364 1424 3427 daret
1459 3384 1740 3446 operam,
1784 3368 1862 3429 ut
1904 3385 2035 3428 una
2069 3364 2152 3428 ab
2185 3365 2492 3430 omnibus

474 3451 661 3537 quasi
690 3452 768 3517 de
793 3473 952 3536 pace
988 3452 1059 3516 in
1095 3449 1513 3535 conloquium
1546 3451 1895 3535 veniretur,
1931 3451 2153 3536 ibique
2191 3452 2320 3517 sibi
2350 3451 2493 3517 Su]-

472 3540 607 3604 lam
625 3539 930 3605 traderet.
969 3561 1117 3605 cum
1144 3538 1346 3620 talem
1372 3538 1586 3603 virum
1608 3540 1683 3603 in
1706 3543 2108 3624 potestatem
2130 3539 2494 3628 habuisset,
