2650 4059
358 245 443 309 58
1012 243 1069 298 C.
1113 241 1454 299 SALLUSTI
1492 241 1722 298 CRISPI
1823 269 1834 278 2

47 377 632 499 Mfflmque
676 389 890 454 noctis
937 388 1281 472 processit,
1301 352 1613 468 (obscuro
1669 387 1868 453 etiam
1927 391 2073 452 tum
2127 388 2342 452 lumin

344 475 602 541 'milites
631 476 1006 562 Iugurthini
1051 477 1239 562 signo
1279 476 1432 540 dato
1471 479 1687 540 castra
1712 475 2005 540 hostium
2041 476 2362 542 invadunt

359 565 786 630 semisomnos
850 565 1092 648 partim
1155 564 1319 628 alios
1366 585 1548 628 arma
1591 564 1909 632 sumentis
1955 563 2189 649 fugant
2234 564 2381 628 fun-

357 653 662 736 duntque.
726 653 1059 718 Adherbal
1105 674 1252 717 cum
1296 652 1520 736 paucis
1567 652 1895 735 equitibus
1934 650 2185 716 Cirtam
2230 673 2382 735 pro-

356 740 546 826 fugit,
592 745 660 805 et
703 742 773 805 ni
818 740 1168 805 multitudo
1215 744 1593 825 togatorum
1637 739 1890 823 fuisset,
1936 761 2099 824 quae
2146 738 2380 804 Numi·

218 851 227 860 ·
358 829 472 893 das
536 829 937 912 insequentis
1000 828 1339 893 moenibus
1403 827 1770 912 prohibuit,
1842 849 1972 891 uno
2037 827 2140 891 die
2202 828 2382 891 inter

218 991 231 1006 .
359 918 520 982 duos
594 938 778 1002 reges
854 920 1156 1000 coeptum
1221 920 1418 999 atque
1480 919 1814 998 patratum
1876 915 2122 979 bellum
2184 914 2378 980 foret.

287 1023 320 1071 3
359 1005 564 1089 igitur
609 1004 930 1089 Iugurtha
975 1004 1283 1088 oppidum
1330 1003 1760 1086 circumsedit,
1807 1003 2012 1067 vineis
2060 1003 2381 1068 turribus·

361 1115 484 1175 que
540 1096 607 1156 et
661 1092 976 1157 machinis
1035 1092 1322 1157 omnium
1380 1113 1688 1177 generum
1735 1111 2103 1176 expugnare
2148 1112 2381 1177 aggre-

358 1182 552 1265 ditur,
588 1201 885 1245 maxume
921 1180 1236 1244 festinans
1275 1183 1533 1262 tempus
1570 1180 1937 1263 legatorum
1976 1183 2379 1264 antecapere,

360 1290 522 1352 quos
571 1272 721 1333 ante
765 1269 1085 1352 proelium
1112 1268 1362 1333 factum
1397 1268 1480 1332 ab
1509 1267 1880 1331 Adherbale
1906 1267 2184 1331 Romam
2225 1268 2382 1334 mis·

360 1378 465 1421 sos
514 1357 862 1421 audiverat.

289 1463 322 1509 4
494 1443 620 1510 Sed
654 1449 1004 1530 postquam
1041 1448 1302 1510 senatus
1343 1445 1420 1507 de
1458 1444 1632 1508 bello
1670 1466 1894 1508 eorum
1932 1444 2200 1528 accepit,
2237 1448 2378 1509 tres

360 1533 798 1598 adulescentes
853 1535 924 1598 in
975 1533 1269 1597 Africam
1325 1532 1654 1617 legantur,
1720 1532 1831 1615 qui
1895 1533 2120 1597 ambos
2185 1553 2379 1618 reges

358 1622 618 1705 adeant,
695 1625 957 1685 senatus
1021 1620 1375 1704 populique
1440 1618 1720 1683 Romani
1787 1620 2001 1684 verbis
2067 1620 2380 1684 nuntient

357 1709 521 1774 velle
577 1713 644 1772 et
701 1729 956 1787 censere
1011 1729 1122 1771 eos
1179 1708 1261 1772 ab
1318 1708 1517 1771 armis
1572 1707 1924 1792 discedere,
1987 1708 2065 1772 de
2120 1713 2381 1773 contro-

357 1796 591 1861 vorsiis
639 1795 772 1860 suis
819 1797 957 1859 iure
1002 1795 1222 1879 potius
1271 1817 1467 1879 quam
1504 1795 1675 1860 bello
1713 1796 2100 1879 disceptare:
2147 1796 2246 1859 ita
2282 1818 2379 1860 se-

254 1887 339 1950 22
361 1906 484 1968 que
540 1884 800 1967 illisque
859 1884 1130 1968 dignum
1186 1905 1344 1948 esse.
1434 1884 1640 1968 legati
1698 1883 1768 1948 in
1821 1883 2113 1949 Africam
2167 1888 2380 1949 matu-

359 1976 579 2036 rantes
626 1972 912 2053 veniunt,
958 1993 1033 2036 eo
1072 1972 1282 2056 magis
1332 1971 1504 2056 quod
1541 1971 1803 2055 Romae,
1849 1972 2003 2035 dum
2047 1972 2374 2054 proficisci

357 2063 608 2144 parant,
653 2060 730 2123 de
775 2060 1020 2160 proelio
1066 2059 1242 2125 facto
1282 2063 1349 2124 et
1387 2060 1869 2144 oppugnatione
1908 2059 2128 2124 Cirtae
2164 2060 2376 2124 audie-

290 2165 321 2213 2
359 2149 579 2232 batur3
626 2148 736 2212 sed
781 2148 838 2212 is
885 2170 1106 2212 rumor
1153 2148 1434 2212 clemens
1481 2151 1639 2211 erat.
1732 2169 2008 2231 quorum
2052 2146 2377 2231 Iugurtha

360 2239 624 2319 accepta
662 2237 954 2300 oratione
1000 2237 1334 2319 respondit
1380 2235 1508 2299 sibi
1542 2257 1750 2318 neque
1780 2236 1989 2299 maius
2024 2237 2376 2319 quicquam

356 2346 564 2407 neque
610 2326 819 2388 carius
868 2325 1258 2389 auctoritate
1297 2327 1560 2387 senatus
1599 2345 1756 2388 esse.
1814 2324 1895 2388 ab
1935 2323 2379 2389 adulescentia

356 2413 454 2476 ita
499 2434 567 2477 se
613 2413 882 2495 enisum,
925 2416 1001 2477 ut
1047 2413 1128 2476 ab
1172 2416 1441 2497 optumo
1490 2433 1745 2495 quoque
1789 2412 2205 2496 probaretur3
2250 2413 2377 2475 vir-

355 2505 525 2584 tute,
567 2523 702 2565 non
748 2500 1001 2564 malitia
1043 2500 1115 2564 P.
1164 2498 1471 2583 Scipioni,
1517 2521 1770 2563 summo
1816 2500 1977 2582 viro,
2021 2499 2376 2600 placuisse3

360 2590 442 2653 ob
491 2590 746 2652 easdem
793 2589 952 2652 artis
1001 2610 1040 2650 a
1065 2586 1360 2671 Micipsa,
1412 2609 1545 2651 non
1581 2587 1859 2690 *penuria
1902 2588 2258 2651 liberorum
2302 2588 2377 2652 in

287 2693 318 2739 3
357 2697 632 2760 regnum
668 2677 1050 2758 adoptatum
1087 2695 1246 2739 esse.
1310 2673 1638 2775 ceterum,
1663 2696 1789 2758 quo
1820 2675 2027 2776 plura
2069 2676 2232 2739 bene
2279 2680 2376 2739 at-

360 2785 483 2846 que
531 2767 789 2828 strenue
826 2763 1105 2844 fecisset,
1151 2783 1226 2825 eo
1265 2763 1555 2827 animum
1591 2785 1779 2827 suum
1814 2763 2120 2827 iniuriam
2156 2763 2375 2828 minus

286 2867 320 2914 4
359 2851 653 2915 tolerare.
717 2811 1154 2914 Adherbalem
1183 2850 1352 2914 dolis
1381 2851 1554 2915 vitae
1583 2873 1738 2915 suae
1765 2852 2170 2936 insidiatum;
2198 2853 2374 2934 quod

357 2938 471 3002 ubi
527 2938 953 3021 conperisset,
1017 2938 1243 3002 sceleri
1303 2939 1441 3002 eius
1499 2938 1757 3003 obviam
1820 2939 1966 3004 isse.
2057 2941 2374 3023 populum

359 3027 727 3091 Romanum
779 3047 985 3109 neque
1040 3029 1215 3091 recte
1270 3048 1478 3110 neque
1523 3048 1643 3111 pro
1689 3027 1862 3092 bono
1908 3027 2266 3112 facturum,
2314 3028 2375 3092 si

330 3116 440 3179 ‘ab
486 3115 625 3178 iure
679 3114 973 3198 gentium
1027 3135 1168 3179 sese
1221 3115 1647 3198 prohibuerit.
1735 3118 2066 3199 postremo
2114 3115 2192 3180 de
2239 3138 2375 3180 om-

287 3220 319 3265 5
356 3204 550 3267 nibus
622 3202 815 3265 rebus
887 3202 1141 3286 legatos
1214 3202 1492 3267 Romam
1565 3203 1747 3267 brevi
1818 3203 2182 3267 missurum.
2273 3205 2375 3269 ita

357 3290 617 3374 utrique
689 3289 1153 3382 digrediuntur.
1271 3290 1661 3356 Adherbalis
1745 3292 2110 3375 appellandi
2181 3293 2376 3376 copia

354 3400 489 3442 non
533 3377 675 3441 fuit.

251 3466 337 3532 23
491 3425 812 3551 Iugurtha
865 3467 977 3532 ubi
1032 3489 1144 3533 eos
1187 3467 1414 3532 Africa
1467 3468 1816 3533 decessisse
1871 3473 2053 3533 ratus
2109 3472 2211 3534 est
2264 3492 2373 3535 ne-

360 3575 482 3636 que
546 3559 816 3638 propter
878 3555 1005 3620 loci
1066 3559 1370 3620 naturam
1425 3554 1675 3622 Cirtam
1739 3557 1936 3622 armis
2000 3578 2373 3642 expugnare
