2650 4059
636 228 927 288 BELLUM
960 234 1480 290 IUGURTHINUM
1514 240 2238 310 0.90-93.107

223 381 342 441 001
399 378 670 442 deorum
732 382 896 443 nutu
960 383 1194 443 cuncta
1247 381 1565 463 portendi.
1574 331 1671 470 V
1657 381 1769 445 sed
1815 382 2065 466 consul,
2128 383 2243 448 ubi
2278 400 2311 449 3

224 488 300 529 ea
346 487 456 529 res
502 466 666 530 bene
713 467 954 549 evenit,
1009 467 1089 531 ad
1136 467 1265 530 alia
1311 469 1551 551 oppida
1593 470 1838 554 pergit,
1898 492 2106 553 pauca
2149 492 2244 534 re-

222 553 673 654 pugnantibus
701 518 964 617 Numid'i
946 575 1004 618 10
1043 555 1236 638 capit,
1279 556 1471 638 plura
1497 557 1753 621 deserta
1787 562 2055 642 propter
2082 556 2244 642 Gap-

224 642 518 705 sensium
563 642 858 706 miserias
918 642 1057 726 igni
1103 644 1502 727 conrumpit:
1565 644 1745 709 luctu
1801 648 1997 729 atque
2053 646 2244 726 caede

224 729 468 793 omnia
509 730 907 813 conplentur.
1008 730 1308 814 denique,
1362 732 1588 795 multis
1642 732 1805 797 locis
1859 733 2111 817 potitus
2167 754 2243 798 ac
2280 750 2314 798 4

221 817 555 901 plerisque
614 817 902 882 exercitu
954 817 1322 902 incruento,
1387 819 1584 883 aliam
1646 842 1785 884 rem
1849 822 2243 906 aggreditur,

219 927 359 969 non
404 905 630 969 eadem
675 905 1029 988 asperitate
1077 927 1205 989 qua
1249 904 1694 992 Capsensium,
1740 913 2027 973 ceterum
2071 908 2244 973 haud

222 1014 413 1059 secus
460 992 808 1058 difficilem.

357 1079 535 1144 Nam
536 1102 660 1165 que
721 1081 896 1145 haud
957 1081 1152 1167 longe
1217 1104 1256 1145 a
1312 1082 1578 1146 flumine
1632 1082 2008 1168 Muluccha,
2073 1085 2245 1186 quod
2281 1101 2314 1151 5

221 1168 585 1254 Iugurthae
640 1168 1012 1252 Bocchique
1066 1189 1343 1253 regnum
1401 1170 1807 1255 diiungebat,
1870 1176 2012 1237 erat
2074 1172 2246 1237 inter

224 1261 515 1321 ceteram
549 1257 892 1340 planitiem
930 1279 1117 1322 mons
1156 1279 1408 1341 saxeus,
1443 1257 1753 1323 mediocri
1783 1260 2052 1324 castello
2083 1261 2244 1325 satis

222 1349 478 1428 patens,
522 1345 594 1408 in
636 1344 1004 1409 inmensum
1049 1344 1282 1429 editus,
1326 1367 1456 1409 0110
1493 1351 1891 1431 perangusto
1935 1348 2115 1412 aditu
2151 1370 2246 1412 re-

222 1432 414 1517 licto3
465 1454 619 1496 nam
676 1432 885 1496 omnis
939 1436 1174 1496 natura
1217 1432 1399 1497 velut
1455 1454 1648 1516 opere
1695 1437 1889 1517 atque
1945 1436 2243 1499 consulto

222 1541 554 1604 praeceps.
645 1541 836 1603 quem
890 1520 1108 1585 locum
1160 1519 1437 1606 Marius,
1502 1521 1676 1604 quod
1728 1521 1823 1585 ibi
1877 1522 2051 1606 regis
2107 1523 2244 1586 the·
2279 1541 2311 1588 6

224 1608 405 1672 sauri
464 1612 651 1672 erant
658 1659 676 1692 ,
736 1630 990 1680 summa
1042 1609 1109 1673 11
1164 1630 1391 1691 capere
1444 1609 1743 1673 intendit.
1842 1610 1953 1674 sed
2008 1632 2084 1674 ea
2137 1632 2241 1674 res

220 1695 397 1760 forte
428 1717 623 1780 quam
653 1696 924 1761 consilio
955 1696 1187 1760 melius
1217 1702 1422 1782 gesta.
1475 1719 1630 1761 nam
1658 1698 1928 1763 castello
1956 1699 2242 1763 virorum
2282 1718 2311 1766 ‘1

222 1788 424 1868 atque
461 1806 791 1849 armorum
828 1784 1009 1868 satis,
1055 1805 1292 1869 magna
1337 1785 1435 1849 vis
1478 1786 1598 1866 [et]
1645 1785 1958 1850 frumenti
1995 1789 2061 1851 et
2094 1786 2242 1850 fons

222 1892 470 1957 aquae3
515 1872 864 1958 aggeribus
910 1872 1328 1955 turribusque
1366 1876 1434 1937 et
1471 1873 1624 1937 altis
1654 1874 2242 1938 machinationibus

220 1960 407 2024 locus
453 1960 873 2044 inportunus3
918 1960 1046 2024 iter
1092 1961 1596 2025 castellanorum
1633 1966 1984 2061 angustum
2030 1962 2245 2027 admo-

222 2048 406 2132 dum,
451 2049 781 2131 utrimque
825 2049 1206 2132 praecisum.
1295 2048 1521 2113 vineae
1576 2071 1724 2113 cum
1777 2049 2029 2135 ingenti
2082 2050 2246 2133 peri·
2282 2069 2315 2117 8

224 2136 373 2200 culo
420 2135 670 2200 frustra
716 2136 1106 2222 agebantur3
1158 2157 1314 2200 nam
1370 2158 1517 2201 cum
1573 2158 1685 2201 eae
1740 2137 1936 2221 paulo
1991 2159 2244 2221 proces-

226 2228 474 2309 serant,
538 2224 679 2308 igni
735 2227 849 2288 aut
903 2223 1227 2307 lapidibus
1293 2226 1900 2308 conrumpebantur.
2000 2226 2243 2289 milites
2281 2245 2314 2292 9

223 2333 434 2395 neque
489 2333 609 2395 pro
668 2334 861 2412 opere
918 2312 1273 2376 consistere
1328 2315 1600 2395 propter
1654 2312 2071 2394 iniquitatem
2116 2311 2244 2377 loci

222 2421 434 2500 neque
470 2400 647 2463 inter
671 2400 893 2464 vineas
931 2399 1072 2463 sine
1099 2400 1387 2500 periculo
1417 2399 1897 2462 administrare.
1937 2403 2052 2482 opt

225 2488 501 2571 quisque
539 2487 763 2552 cadere
810 2491 923 2551 aut
970 2487 1263 2571 sauciari,
1310 2486 1545 2552 ceteris
1590 2490 1804 2551 metus
1861 2417 2244 2572 0030111Ῠὲ1
2264 2490 2350 2555 93

223 2575 474 2640 Μο1100
527 2575 753 2639 multis
800 2575 1025 2638 diebus
1072 2579 1140 2638 et
1183 2538 1518 2640 laboribus
1566 2574 1968 2657 consumptis
2017 2575 2244 2638 anxius

224 2662 487 2728 trahere
516 2685 664 2727 cum
692 2663 908 2726 animo
938 2684 1074 2746 suo,
1108 2663 1524 2727 omitteretne
1551 2662 1900 2746 inceptum,
1938 2662 2244 2745 quoniam

222 2751 474 2816 frustra
519 2755 678 2835 erat,
724 2772 808 2814 an
851 2713 1183 2814 fortuiiam
1230 2751 1655 2834 opperiretur,
1701 2773 1829 2834 qua
1874 2772 2064 2835 saepe
2101 2773 2246 2835 pro-

226 2861 414 2924 spere
458 2861 615 2903 usus
662 2838 894 2903 fuerat.
987 2859 1150 2921 quae
1212 2859 1360 2902 cum
1413 2838 1657 2902 multos
1713 2839 1848 2902 dies
1902 2839 2244 2923 1100110000
2281 2857 2314 2903 2

226 2932 533 2992 aestuans
582 2927 891 3011 agitaret,
936 2925 1108 2990 forte
1154 2925 1420 3007 quidam
1464 2922 1695 3009 Ligus,
1741 2948 1818 2989 ex
1866 2926 2244 2991 cohortibus

227 3015 587 3080 auxiliariis
634 3015 822 3079 miles
869 3013 1239 3098 310301100,
1294 3012 1527 3076 0001110
1584 3017 1896 3095 00001010
1943 3033 2243 3097 03100000

224 3104 400 3169 110οᾱ
452 3102 682 3187 procul
738 3103 820 3168 ab
874 3102 1079 3166 latere
1135 3099 1415 3183 castelli,
1472 3100 1644 3182 quod
1709 3121 2011 3164 avorsum
2064 3123 2245 3184 proe-

224 3191 543 3257 liantibus
601 3193 768 3274 erat,
834 3190 1123 3254 animum
1178 3186 1467 3251 advortit
1519 3188 1692 3251 inter
1747 3208 1902 3250 saxa
1956 3189 2242 3271 repentis

227 3281 497 3364 cocleas,
545 3300 820 3362 0001010
858 3298 1005 3342 0010
1039 3298 1238 3340 unam
1276 3279 1473 3358 atque
1512 3276 1804 3358 alteram,
1841 3275 1990 3339 dein
2024 3277 2242 3359 plures

222 3370 507 3455 peteret,
571 3366 789 3430 studio
842 3366 1108 3450 legundi
1160 3363 1480 3447 paulatim
1533 3384 1735 3447 prope
1791 3364 1871 3427 ad
1919 3386 2244 3429 summum

226 3456 471 3522 montis
518 3475 821 3555 03100000
859 3457 979 3518 001.
1049 3452 1162 3516 ubi
1198 3456 1551 3535 postquam
1599 3451 2016 3517 solitudinem
2061 3451 2246 3517 intel·
2281 3471 2313 3519 8

221 3547 413 3630 lexit,
459 3564 660 3612 Jnore
723 3541 946 3629 ingeni
997 3540 1265 3604 humani
1321 3539 1552 3624 cupido
1608 3540 1899 3606 difficilia
1960 3540 2246 3606 faciundi
