2650 4059
590 231 888 287 BELLUM
920 232 1442 289 IUGURTHINUM
1479 250 1526 290 ο.
1565 240 1790 289 93-95.
2072 238 2201 302 109

176 375 388 461 Ligus
437 381 693 461 egerat,
749 378 1080 464 cognovit,
1134 399 1529 461 quamquam
1573 382 1717 443 toto
1762 380 1866 444 die
1910 381 2201 446 intentos

174 464 434 548 proelio
465 463 784 529 Numidas
810 465 1148 549 habuerat,
1184 470 1326 529 tum
1354 488 1507 530 vero
1546 466 1924 532 cohortatus
1958 469 2200 532 milites

177 557 249 617 et
292 553 439 635 ipse
485 557 672 617 extra
705 553 927 618 vineas
958 555 1113 635 [est]
1153 574 1454 638 egressus
1499 555 1825 620 testudine
1871 560 2018 620 acta
2064 578 2202 620 suc-

178 642 411 705 cedere
477 644 546 705 et
604 641 799 705 simul
861 640 1121 706 hostem
1181 646 1212 705 t
1359 642 1527 706 entis
1592 643 2079 727 sagittariisque
2133 647 2201 707 et

177 728 627 794 funditoribus
674 729 924 794 eminus
962 654 1358 829 terrereffi
1394 729 1734 813 Numidae,
1781 753 1972 815 saepe
2010 735 2202 795 antea
2237 749 2269 797 4

176 817 392 882 vineis
421 816 867 882 Romanorum
895 818 1247 901 subversis,
1274 818 1435 882 item
1461 818 1761 902 incensis,
1787 841 1921 883 non
1948 819 2199 883 castelli

178 905 528 970 moenibus
574 927 714 970 sese
761 905 1174 988 tutabantur,
1229 905 1342 969 sed
1385 927 1504 989 pro
1550 929 1736 971 muro
1783 907 1918 972 dies
1963 907 2200 982 noctis-

181 1015 308 1077 que
356 993 627 1078 agitare,
672 993 842 1057 male
888 993 1098 1059 dicere
1126 992 1439 1058 Romanis
1477 1015 1551 1058 ac
1587 993 1797 1059 Mario
1834 995 2198 1059 vecordiam

180 1081 533 1165 obiectare,
569 1081 889 1145 militibus
924 1081 1171 1145 nostris
1198 1079 1555 1182 Iugurthae
1583 1083 1922 1147 servitium
1948 1083 2200 1167 minari,

178 1169 485 1235 secundis
522 1170 716 1233 rebus
752 1168 1001 1234 feroces
1040 1191 1197 1234 esse.
1245 1169 1510 1234 interim
1538 1171 1857 1255 omnibus,
1884 1170 2198 1236 Romanis
2235 1188 2268 1237 5

175 1257 633 1341 hostibusque,
676 1258 927 1358 proelio
971 1257 1270 1340 intentis,
1315 1278 1554 1342 magna
1596 1258 1925 1342 utrimque
1969 1259 2035 1324 vi
2078 1281 2207 1346 pro

178 1346 398 1431 gloria
441 1348 639 1428 atque
681 1344 958 1428 imperio
1012 1345 1115 1409 his
1169 1308 1302 1410 illis
1348 1367 1469 1429 pro
1515 1347 1725 1410 salute
1779 1347 2201 1431 certantibus,

178 1436 450 1533 repente
497 1455 537 1496 a
580 1437 770 1518 tergo
826 1433 1015 1518 signa
1061 1455 1317 1519 canere3
1377 1455 1452 1498 ac
1504 1434 1717 1517 primo
1773 1433 2076 1498 mulieres
2133 1439 2199 1498 et

177 1522 389 1606 pueri,
436 1521 549 1604 qui
585 1521 798 1585 visum
832 1525 1304 1606 processerant,
1338 1521 1583 1607 fugere,
1628 1522 1855 1586 deinde
1891 1521 1992 1585 uti
2029 1522 2199 1604 quis-

181 1632 308 1693 que
373 1631 560 1674 muro
613 1631 970 1693 proxumus
1027 1613 1194 1693 erat,
1255 1613 1590 1693 postremo
1655 1610 1898 1693 cuncti,
1963 1610 2198 1674 armati

178 1698 609 1780 inermesque.
701 1698 874 1780 quod
931 1697 1047 1761 ubi
1093 1697 1354 1781 accidit,
1400 1719 1476 1762 eo
1524 1697 1735 1762 acrius
1782 1697 2063 1763 Romani
2107 1699 2268 1766 1ιι-6

181 1790 387 1870 stare,
448 1784 716 1850 fundere
770 1807 846 1849 ac
908 1785 1252 1868 plerosque
1315 1789 1575 1850 tantum
1635 1787 1828 1851 modo
1893 1787 2199 1870 sauciare,

179 1874 333 1939 dein
387 1894 583 1957 super
640 1873 1003 1937 occisorum
1062 1894 1336 1955 corpora
1397 1873 1655 1956 vadere,
1719 1874 1891 1937 avidi
1953 1874 2198 1959 gloriae

181 1964 509 2027 certantes
574 1983 833 2025 murum
889 1965 1172 2044 petere,
1197 1981 1407 2044 neque
1463 1982 1854 2046 quemquam
1909 1962 2201 2026 omnium

178 2049 424 2135 praeda
468 2049 726 2114 morari.
791 2049 887 2113 sic
931 2048 1130 2120 forte
1137 2051 1441 2113 bonecta
1466 2048 1637 2112 Mari
1680 2051 2017 2114 temeritas
2063 2051 2199 2135 glo·
2237 2068 2266 2117 7

178 2139 351 2203 riam
397 2159 475 2201 ex
519 2137 713 2221 culpa
755 2137 1020 2202 invenit.
1084 2123 1128 2228 Ῐ

362 2224 693 2309 Ceterum,
748 2226 904 2289 dum
948 2247 1025 2290 ea
1070 2246 1173 2289 res
1219 2224 1497 2310 geritur,
1541 2222 1612 2288 L.
1663 2223 1847 2289 Sulla
1892 2230 2199 2309 quaestor
2218 2228 2302 2293 95

180 2336 332 2380 cum
368 2334 608 2414 magno
647 2313 998 2397 equitatu
979 2336 1051 2377 m
1085 2317 1304 2377 castra
1336 2313 1534 2396 venit,
1571 2334 1734 2395 quos
1771 2313 1871 2376 uti
1898 2334 1977 2377 ex
2003 2312 2197 2378 Latio

179 2408 248 2467 et
294 2426 336 2467 a
382 2402 576 2467 sociis
624 2406 903 2486 cogeret,
949 2400 1195 2465 Romae
1241 2400 1507 2464 relictus
1554 2404 1712 2464 erat.

317 2489 445 2555 Sed
483 2488 791 2573 quoniam
825 2511 946 2553 nos
983 2489 1153 2553 tanti
1189 2488 1313 2554 viri
1355 2509 1459 2552 res
1497 2488 1849 2572 admonuit,
1893 2488 2196 2553 idoneum
2235 2507 2267 2555 2

179 2579 399 2645 visum
444 2582 547 2642 est
590 2579 668 2642 de
711 2582 949 2642 natura
992 2578 1299 2661 cultuque
1347 2576 1484 2641 eius
1529 2576 1752 2660 paucis
1800 2539 2025 2641 dicere.
2092 2599 2199 2642 ne·

181 2689 307 2751 que
356 2666 530 2730 enim
574 2667 705 2731 alio
751 2666 897 2731 loco
943 2666 1019 2729 de
1070 2664 1285 2730 Sullae
1333 2665 1525 2730 rebus
1573 2665 1810 2730 dicturi
1864 2687 2085 2730 sumus
2118 2659 2231 2730 et

179 2754 251 2820 L.
285 2753 578 2838 Sisenna,
624 2757 890 2838 optume
936 2758 1003 2817 et
1040 2753 1557 2838 diligentissume
1597 2754 1905 2839 omnium,
1949 2754 2056 2838 qui
2089 2777 2198 2820 eas

177 2865 286 2909 res
333 2843 570 2927 dixere,
612 2845 1007 2926 persecutus,
1042 2863 1276 2925 parum
1320 2842 1483 2905 mihi
1527 2841 1736 2907 libero
1785 2865 1895 2908 ore
1939 2843 2198 2908 locutus

176 2932 483 2996 videtur.
522 2930 740 3016 Igitur
788 2928 971 2994 Sulla
1015 2930 1228 3015 gentis
1273 2929 1588 3012 patriciae
1632 2930 1873 3008 nobilis
1918 2930 2063 3013 fuit,
2107 2931 2199 2995 fa·
2235 2949 2266 2997 3

178 3020 364 3085 milia
427 3041 630 3102 prope
693 3018 826 3082 iam
882 3018 1169 3082 extincta
1222 3017 1544 3100 maiorum
1605 3017 1893 3102 ignavia,
1955 3018 2196 3083 litteris

180 3107 449 3173 Graecis
479 3111 675 3190 atque
703 3104 957 3170 Latinis
993 3106 1179 3169 iuxta
1214 3109 1410 3188 atque
1446 3105 1844 3169 doctissume
1889 3105 2199 3191 eruditus,
2274 3127 2282 3135 ·

176 3196 398 3261 animo
443 3195 726 3280 ingenti,
782 3194 1052 3277 cupidus
1098 3194 1510 3276 voluptatum
1565 3193 1677 3256 sed
1732 3193 1978 3277 gloriae
2025 3195 2197 3278 cupi-

174 3285 354 3368 dior3
396 3283 534 3347 otio
573 3282 908 3347 luxurioso
948 3303 1106 3364 esse,
1145 3286 1367 3345 tamen
1401 3282 1484 3345 ab
1520 3281 1806 3365 negotiis
1842 3302 2196 3365 numquam

172 3372 483 3456 voluptas
538 3374 892 3452 remorata,
948 3370 1078 3433 nisi
1135 3370 1308 3453 quod
1364 3370 1440 3433 de
1486 3391 1685 3433 uxore
1740 3368 1959 3452 potuit
2003 3368 2198 3435 hone-

174 3463 344 3526 stius
395 3460 672 3542 consuli3
720 3457 1033 3521 facundus
1081 3458 1353 3522 callidus
1402 3462 1469 3521 et
1515 3456 1804 3522 amicitia
1839 3454 2069 3541 facilis,
2116 3459 2198 3523 ad

173 3547 544 3614 simulanda
587 3545 857 3629 negotia
902 3545 1182 3610 altitudo
1229 3546 1450 3630 ingeni
1494 3544 1919 3622 incredibilis,
1964 3546 2195 3611 multa-

917 3702 990 3734 t„
1011 3720 1068 3746 N
