2650 4059
708 257 1005 313 BELLUM
1042 259 1431 315 CATILINAE
1469 278 1515 317 c.
1552 268 1780 319 42—46.
2169 264 2255 330 25

371 403 529 480 ‘Qui
580 403 721 487 sim,
769 424 847 467 ex
894 425 989 487 eo,
1027 426 1217 487 quem
1263 406 1344 469 ad
1389 410 1455 471 te
1501 406 1668 491 misi,
1717 429 2081 494 cognosces,
2153 409 2257 475 fac
2293 424 2324 473 5

234 491 518 577 cogites,
583 491 654 555 in
717 495 962 575 quanta
1025 493 1399 557 calamitate
1464 494 1581 577 sis,
1645 499 1712 559 et
1766 497 2133 561 memineris
2189 501 2255 562 te

232 580 451 643 virum
499 600 658 643 esse.
748 579 1133 663 consideres,
1180 581 1335 663 quid
1379 585 1530 646 tuae
1577 583 1863 647 rationes
1902 585 2254 667 postulent.

235 667 554 732 auxilium
598 671 785 751 petas
833 665 915 731 ab
964 669 1283 751 omnibus,
1331 669 1530 733 etiam
1576 671 1658 734 ab
1710 670 1992 736 infimis?

368 754 475 819 Ad
520 754 646 819 hoc
681 755 990 820 mandata
1025 756 1240 819 verbis
1279 757 1420 820 dat:
1466 779 1614 822 cum
1655 760 1737 822 ab
1777 763 2007 823 senatu
2040 760 2253 825 hostis
2292 776 2323 824 6

234 843 559 908 iudicatus
615 842 730 926 sit,
784 864 912 927 quo
959 843 1231 908 consilio
1278 845 1545 910 servitia
1588 847 1927 930 repudiet?
1980 848 2052 911 in
2093 849 2253 912 urbe

232 934 470 1015 parata
514 951 655 995 esse
702 952 867 1013 quae
912 930 1195 996 iusserit.
1282 954 1365 997 ne
1414 937 1751 998 cunctetur
1802 935 1942 1018 ipse
1986 936 2253 1019 propius

236 1019 562 1084 adcodere.
658 1018 763 1083 his
817 1018 1011 1083 rebus
1065 1019 1164 1083 ita
1218 1020 1411 1104 actis,
1470 1022 1830 1087 constituta
1879 1027 2072 1088 nocte
2128 1045 2255 1107 qua
2272 1024 2359 1088 45

234 1107 829 1192 proficiscerentur,
893 1106 1119 1172 Cicero
1182 1130 1300 1192 per
1363 1109 1617 1195 legatos
1684 1115 1916 1175 cuncta
1986 1112 2252 1177 edoctus

236 1196 310 1260 L.
366 1194 634 1260 Valerio
689 1193 925 1259 Flacco
991 1199 1059 1259 et
1122 1194 1192 1260 C.
1247 1195 1598 1280 Pomptino
1661 1198 2074 1280 praetoribus
2139 1199 2254 1263 im—

234 1287 451 1368 perat,
514 1287 589 1347 ut
652 1281 722 1346 in
773 1286 973 1366 ponte
1026 1282 1275 1347 Mulvio
1339 1305 1456 1367 per
1507 1284 1774 1349 insidias
1820 1285 2253 1372 Allobrogum

238 1371 592 1437 comitatus
656 1370 1153 1453 deprehendant.
1252 1393 1390 1435 rem
1454 1393 1713 1436 omnem
1771 1373 2007 1457 aperit,
2071 1375 2252 1438 cuius

236 1459 456 1545 gratia
482 1458 940 1541 mittebantur3
978 1462 1209 1542 cetera,
1246 1459 1347 1523 uti
1373 1458 1548 1524 facto
1578 1481 1741 1543 opus
1771 1460 1879 1543 sit,
1914 1461 2010 1524 ita
2038 1465 2253 1546 agant,

233 1546 580 1631 permittit.
668 1545 787 1629 illi,
831 1546 1128 1610 homines
1173 1546 1510 1630 militares,
1561 1547 1698 1612 sine
1743 1548 2030 1612 tumultu
2073 1570 2253 1632 prae·
2289 1566 2320 1612 2

236 1635 419 1700 sidiis
467 1633 841 1716 conlocatis,
887 1633 1079 1697 sicuti
1124 1640 1544 1717 praeceptum
1592 1639 1753 1720 erat,
1802 1636 2053 1701 occulte
2096 1658 2251 1720 pon-

233 1729 372 1787 tem
402 1722 726 1787 obsidunt.
774 1725 1127 1805 postquam
1154 1722 1235 1786 ad
1261 1722 1328 1786 id
1355 1723 1483 1788 loci
1511 1723 1714 1808 legati
1741 1746 1889 1788 cum
1907 1723 2250 1790 Volturcio
2289 1742 2320 1790 3

233 1814 553 1876 venenmt
597 1814 664 1873 et
710 1809 905 1873 simul
949 1809 1277 1893 utrimque
1325 1810 1573 1875 clamor
1612 1816 1873 1876 exortus
1912 1816 2030 1895 est,
2077 1811 2252 1876 Galli

235 1900 372 1965 cito
412 1897 676 1983 cognito
714 1897 986 1961 consilio
1025 1897 1164 1961 sine
1201 1919 1386 1962 mora
1419 1899 1831 1981 praetoribus
1871 1921 1939 1964 se
1967 1901 2250 1982 tradunt,

233 1986 620 2051 Volturcius
647 1985 860 2069 primo
898 1984 1278 2050 cohortatus
1318 1990 1566 2051 ceteros
1605 1987 1822 2072 gladio
1863 2009 1930 2052 se
1970 2010 2009 2051 a
2036 1987 2251 2052 multi·
2286 2004 2321 2052 4

233 2075 462 2139 tudine
491 2072 795 2156 defendit,
831 2072 1076 2155 deinde,
1105 2073 1218 2137 ubi
1245 2095 1285 2137 a
1309 2074 1548 2159 legatis
1576 2075 1868 2139 desertus
1898 2081 2016 2159 est,
2044 2076 2252 2140 multa

232 2163 419 2247 prius
474 2162 552 2226 de
608 2161 817 2225 salute
873 2182 991 2224 sua
1033 2160 1458 2244 Pomptinum
1514 2163 1909 2246 obtestatus,
1965 2163 2137 2247 quod
2191 2164 2251 2228 ei

233 2254 435 2316 notus
482 2253 649 2332 erat,
698 2252 1041 2332 postremo·
1078 2249 1346 2314 timidus
1393 2271 1469 2314 ac
1513 2250 1686 2314 vitae
1732 2250 2027 2314 diffidens
2072 2251 2251 2315 velut

232 2339 539 2404 hostibus
586 2358 726 2401 sese
770 2336 1181 2420 praetoribus
1227 2337 1423 2401 dedit.

373 2426 624 2502 Quibus
669 2425 862 2489 rebus
910 2424 1221 2489 confectis
1269 2425 1489 2489 omnia
1522 2446 1795 2508 propere
1830 2447 1948 2509 per
1983 2427 2247 2490 nuntios
2267 2426 2354 2491 46

239 2514 491 2580 consuli
535 2513 962 2577 declarantur.
1053 2516 1123 2576 at
1174 2512 1364 2576 illum
1408 2512 1638 2598 ingens
1686 2534 1839 2577 cura
1883 2517 2079 2596 atque
2124 2511 2249 2578 lae-
2285 2529 2317 2577 2

237 2603 391 2667 titia
458 2601 652 2665 simul
716 2621 1124 2683 occupavere.
1220 2622 1375 2664 nam
1442 2600 1809 2665 laetabatur
1862 2600 2247 2686 intellegens

238 2689 684 2756 coniuratione
720 2687 1050 2772 patefacta
1078 2687 1411 2753 civitatem
1437 2688 1742 2772 periculis
1771 2691 2062 2774 ereptam
2090 2711 2249 2773 esse,

235 2800 433 2862 porro
480 2780 700 2842 autem
746 2776 972 2840 anxius
1010 2779 1152 2840 erat
1196 2776 1520 2860 dubitanS,
1563 2776 1633 2840 in
1668 2799 1969 2842 maxumo
2009 2778 2247 2843 scelere

237 2866 445 2931 tantis
492 2864 741 2929 civibus
787 2863 1202 2947 deprehensis
1249 2864 1404 2947 quid
1448 2864 1624 2928 facto
1664 2886 1825 2948 opus
1863 2869 2061 2929 esset:
2101 2888 2249 2949 poe-

234 2951 391 3018 nam
444 2952 708 3017 illorum
773 2951 899 3016 sibi
968 2951 1174 3035 oneri,
1230 2952 1668 3035 inpunitatem
1724 2953 2090 3034 perdundae
2153 2955 2247 3018 rei

235 3042 536 3126 publicae
587 3039 728 3104 fore
783 3039 1101 3104 credebat.
1191 3039 1396 3125 igitur
1452 3040 1831 3105 confirmato
1880 3041 2095 3104 animo
2142 3062 2249 3104 vo·
2286 3056 2318 3103 3

238 3130 372 3195 cari
446 3129 526 3192 ad
600 3148 740 3192 sese
810 3127 993 3191 iubet
1063 3125 1414 3191 Lentulum
1487 3126 1848 3210 Cethegum
1914 3125 2249 3192 Statilium

239 3216 586 3281 Gabinium
643 3215 930 3297 itemque
984 3213 1370 3298 Caeparium
1415 3213 1968 3297 Terracinensem,
2023 3214 2135 3297 qui
2179 3215 2250 3279 in

237 3304 547 3389 Apuliam
619 3303 702 3367 ad
773 3303 1155 3367 concitanda
1226 3302 1494 3368 servitia
1563 3300 1886 3385 proficisci
1956 3302 2247 3385 parabat.

238 3392 438 3457 ceteri
485 3391 622 3455 sine
668 3412 852 3455 mora
877 3390 1163 3473 veniunt,
1209 3389 1579 3474 CaepariuS,
1622 3388 1817 3472 paulo
1864 3392 2015 3453 ante
2056 3389 2248 3455 domo
2287 3404 2320 3452 4

235 3501 587 3633 iiim.
611 3478 874 3648 ⁶⁰53?
906 3476 1170 3649 ἐῖἓέῖέἰ
1208 3476 2248 3644 ἱξαΨῗρέἑωὲἕέἔἿωὲἓὲὛὲ
2287 3491 2319 3540 ⁵

595 3617 614 3650 7
1370 3617 1391 3651 7
