2650 4059
758 255 1048 310 BELLUM
1083 254 1472 308 CATILINAE
1512 271 1557 309 c.
1597 260 1681 310 51.
2143 254 2224 319 31

130 445 147 459 χ
214 400 398 465 noris
446 400 823 465 convictos?
879 399 981 464 sin
1027 399 1180 483 quia
1225 398 1431 462 levius
1478 403 1606 482 est,
1663 399 1774 482 qui
1821 400 2119 463 convenit
2162 399 2232 462 in
2270 415 2337 462 24

215 491 467 553 minore
502 488 768 573 negotio
804 487 1017 573 legem
1052 487 1310 570 timere,
1356 508 1503 551 cum
1548 508 1691 551 eam
1726 487 1796 551 in
1841 487 2083 551 maiore
2126 508 2232 551 ne·

260 577 323 640 le
372 576 547 640 eris?

217 597 260 661 g
326 598 446 728 gAt
500 663 674 727 enim
728 664 872 747 quis
927 663 1353 745 reprehendet
1407 663 1579 746 quod
1624 663 1694 726 in
1736 661 2091 745 parricidas
2137 663 2231 727 rei
2270 677 2335 725 25

216 752 516 836 publicae
571 752 901 815 decretum
953 750 1123 815 erit‘?
1187 754 1445 833 tempus
1502 751 1638 814 dies
1692 750 1982 832 fortuna,
2048 751 2229 815 cuius

215 840 442 905 lubido
488 838 792 925 gentibus
838 838 1227 902 moderatur.
1315 837 1449 901 illis
1496 838 1729 901 merito
1768 838 2015 904 accidet
2061 837 2232 921 quic·
2269 853 2335 900 26

218 927 375 1010 quid
422 926 732 991 evenerit:
798 929 1083 991 ceterum
1118 946 1253 1008 vOS,
1297 929 1519 1008 patres
1557 926 1925 1009 conscripti,
1972 926 2127 1008 quid
2161 925 2231 988 in

218 1015 385 1079 alios
433 1014 768 1096 statuatis,
823 1014 1241 1078 considerate.
1334 1014 1550 1077 omnia
1600 1014 1772 1077 mala
1816 1013 2110 1096 exempla
2154 1035 2233 1077 ex
2268 1028 2334 1076 27
2367 1079 2368 1083 ,

218 1104 414 1167 rebus
462 1102 650 1166 bonis
697 1105 842 1165 orta
888 1104 1057 1165 sunt.
1147 1100 1259 1165 sed
1303 1100 1418 1165 ubi
1463 1100 1808 1183 imperium
1853 1101 1933 1164 ad
1969 1101 2230 1187 ignaros

218 1190 358 1254 eius
397 1193 513 1253 aut
550 1189 762 1254 minus
802 1190 1005 1253 bonos
1042 1187 1355 1271 pervenit,
1397 1210 1636 1253 novom
1670 1188 1832 1252 illud
1868 1190 2231 1272 exemplum

219 1280 303 1342 ab
340 1277 564 1363 ‚dignis
612 1281 678 1340 et
713 1277 961 1341 idoneis
999 1277 1079 1340 ad
1115 1276 1415 1360 indignos
1454 1279 1521 1339 et
1556 1298 1687 1339 non
1721 1276 1986 1340 idoneos
2024 1281 2230 1340 trans·

218 1366 444 1429 fertur.
534 1363 1028 1428 Lacedaemonii
1081 1362 1351 1427 devictis
1398 1363 1906 1427 Atheniensibus
1958 1364 2229 1448 triginta
2268 1381 2334 1429 28

219 1454 397 1517 viros
444 1453 814 1536 inposuere,
874 1451 986 1535 qui
1032 1473 1169 1515 rem
1213 1450 1542 1533 publicam
1588 1471 1812 1514 eorum
1857 1454 2229 1516 tractarent.

219 1542 280 1605 ei
326 1540 538 1623 primo
588 1560 852 1623 coepere
896 1560 1272 1622 pessumum
1318 1560 1636 1622 quemque
1683 1541 1749 1601 et
1795 1538 2094 1603 omnibus
2139 1539 2230 1602 in-
2267 1555 2332 1603 29

222 1629 434 1692 visum
477 1627 922 1691 indemnatum
965 1648 1220 1692 necare:
1272 1648 1349 1689 ea
1390 1626 1669 1709 populus
1713 1626 1947 1689 laetari
1993 1630 2059 1690 et
2104 1648 2230 1690 me-

219 1717 351 1780 rito
412 1715 621 1779 dicere
673 1715 832 1779 fieri.
929 1719 1079 1798 post
1134 1714 1245 1778 ubi
1302 1714 1620 1796 paulatim
1681 1714 1947 1778 licentia
2009 1715 2230 1798 crevit,
2268 1731 2334 1779 30

215 1805 404 1868 iuxta
464 1803 672 1867 bonos
725 1806 793 1866 et
846 1803 1053 1866 malos
1115 1801 1479 1865 lubidinose
1537 1801 1923 1885 interficere,
1983 1806 2230 1867 ceteros

217 1896 403 1956 metu
464 1893 732 1954 terrere:
793 1889 890 1953 ita
951 1890 1180 1954 civitas
1245 1890 1558 1954 se‘rvitute
1621 1889 1929 1973 obpressa
1991 1889 2231 1954 stultae
2267 1907 2331 1953 31

217 1979 512 2044 laetitiae
558 1978 775 2062 gravis
820 1995 1062 2061 poenas
1108 1976 1304 2040 dedit.
1391 1981 1620 2041 nostra
1664 1977 1977 2042 memoria
2018 1977 2230 2042 victor
2267 1994 2333 2041 32

220 2065 408 2131 Sulla
435 2088 582 2130 cum
609 2065 1077 2148 Damasippum
1106 2068 1172 2128 et
1200 2064 1365 2128 alios
1394 2065 1531 2128 eius
1561 2065 1754 2148 modi,
1792 2066 1905 2148 qui
1933 2065 2106 2129 malo
2135 2066 2228 2129 rei

217 2154 519 2239 publicae
575 2156 935 2235 creverant,
989 2152 1271 2237 iugulari
1325 2152 1543 2234 iussit,
1600 2152 1743 2235 quis
1798 2175 1932 2216 non
1983 2153 2230 2217 factum

218 2242 361 2305 eius
399 2240 749 2305 laudabat?
794 2239 1089 2304 homines
1128 2238 1438 2303 scelestos
1476 2243 1543 2302 et
1576 2239 1910 2322 factiosOS,
1948 2240 2059 2323 qui
2096 2241 2231 2305 sed-

218 2329 537 2394 itionibus
582 2349 721 2392 rem
765 2327 1091 2410 publicam
1137 2327 1642 2412 exagitaverant,
1687 2327 1919 2391 merito
1965 2332 2228 2392 necatos

220 2417 501 2481 aiebant.
591 2416 702 2480 sed
748 2436 823 2478 ea
868 2436 970 2478 res
1017 2435 1288 2499 magnae
1324 2414 1586 2477 initium
1624 2414 1823 2479 cladis
1860 2413 2007 2477 fuit.
2075 2437 2230 2478 nam
2266 2432 2333 2479 33

219 2504 323 2568 uti
369 2504 642 2587 quisque
687 2504 952 2567 domum
998 2506 1111 2566 aut
1155 2502 1397 2583 villam,
1441 2503 1772 2585 postremo
1820 2523 1933 2565 vas
1981 2506 2094 2565 aut
2130 2524 2231 2566 ve-

223 2593 607 2656 stimentum
653 2590 923 2654 alicuius
971 2590 1444 2674 concupiverat,
1490 2589 1689 2654 dabat
1734 2612 2013 2672 operam,
2058 2594 2133 2653 ut
2174 2590 2229 2654 is

221 2680 293 2743 in
326 2678 843 2762 proscriptorum
876 2699 1145 2742 numero
1183 2681 1371 2741 esset.
1435 2678 1530 2741 ita
1563 2677 1681 2762 illi,
1727 2678 1961 2762 quibus
1999 2677 2231 2746 Dama·
2268 2696 2337 2742 34

223 2767 397 2850 sippi
441 2787 617 2830 mors
661 2765 950 2829 laetitiae
995 2765 1234 2848 fuerat,
1282 2766 1477 2848 paulo
1522 2770 1676 2848 post
1718 2765 1846 2849 ipsi
1891 2766 2232 2831 traheban-

222 2859 349 2937 tur,
385 2875 591 2936 neque
626 2853 807 2936 prius
844 2853 992 2916 finis
1029 2853 1364 2938 iugulandi
1399 2851 1543 2936 fuit,
1582 2875 1776 2936 quam
1806 2852 1988 2918 Sulla
2021 2855 2230 2918 omnis

223 2955 376 3006 suos
414 2940 659 3005 divitiis
697 2939 994 3024 explevit.
1067 2945 1261 3022 atque
1298 2960 1421 3025 ego
1456 2940 1617 3004 haec
1646 2941 1877 3005 nonin
1902 2940 1987 3004 M.
2015 2941 2229 3005 Tullio
2269 2959 2335 3005 35

221 3050 430 3112 neque
483 3028 587 3092 his
642 3028 1042 3110 temporibus
1097 3049 1348 3109 vereor,
1402 3028 1513 3091 sed
1566 3028 1636 3090 in
1689 3050 1924 3112 magna
1969 3028 2231 3092 civitate

224 3116 434 3180 multa
470 3120 537 3179 et
571 3117 754 3179 varia
790 3115 1048 3199 ingenia
1085 3119 1254 3178 sunt.
1325 3117 1546 3197 potest
1583 3115 1711 3179 alio
1750 3120 2058 3197 tempore,
2101 3115 2229 3179 alio
2268 3133 2337 3180 36

224 3203 514 3286 consule,
568 3202 673 3267 cui
726 3202 888 3265 item
941 3203 1259 3266 exercitus
1314 3202 1385 3265 in
1429 3223 1624 3266 manu
1670 3202 1784 3283 sit,
1837 3200 2075 3264 falsum
2121 3202 2231 3265 ali-

225 3290 380 3374 quid
423 3312 543 3373 pro
590 3311 740 3353 vero
788 3289 985 3353 credi:
1032 3289 1145 3353 ubi
1183 3289 1308 3354 hoc
1347 3290 1639 3372 exemplo
1676 3310 1793 3372 per
1831 3292 2091 3352 senatus
2130 3288 2233 3352 de-

226 3383 474 3443 cretum
503 3376 729 3441 consul
766 3376 1055 3461 gladium
1090 3375 1400 3459 eduxerit,
1437 3379 1581 3459 quis
1618 3375 1717 3440 illi
1751 3376 1949 3440 finem
1985 3378 2231 3440 statuet
2333 3370 2337 3375 ’

223 3470 337 3529 aut
384 3465 530 3548 quis
578 3462 1063 3527 moderabitur?

353 3551 638 3618 Maiores
701 3550 936 3633 nostri,
1006 3553 1224 3634 patres
1289 3552 1668 3635 conscripti,
1739 3574 1946 3635 neque
2002 3550 2231 3616 consili
2270 3567 2336 3616 37
