2650 4059
707 224 997 283 BELLUM
1032 227 1423 286 CATILINAE
1460 246 1508 285 c.
1545 235 1770 286 49-51.
2161 233 2247 298 29

371 371 627 438 ‘Omnis
680 374 1005 457 homines,
1057 378 1276 457 patres
1333 375 1711 458 conscripti,
1767 376 1878 458 qui
1933 376 2010 440 de
2056 374 2247 446 rebus
2268 377 2342 441 51

235 461 456 526 dubiis
503 464 894 545 consultant,
939 462 1022 526 ab
1069 462 1217 526 odio
1263 462 1578 546 amicitia,
1622 463 1722 527 ira
1766 467 1961 546 atque
2006 464 2249 528 miseri-

237 549 460 614 cordia
504 570 741 616 vacuos
787 570 928 615 esse
973 550 1173 614 decet.
1261 549 1436 614 haud
1488 550 1677 615 facile
1723 551 1977 615 animus
2023 573 2247 617 verum
2284 569 2316 615 2

233 636 565 721 providet,
616 638 731 703 ubi
774 639 892 703 illa
937 636 1257 720 officiunt,
1313 659 1524 721 neque
1571 638 1914 722 quisquam
1959 639 2248 704 omnium

235 724 515 789 lubidini
551 725 744 791 simul
781 730 849 790 et
882 725 1031 790 usui
1064 725 1299 808 paruit.
1369 726 1485 791 ubi
1519 726 1918 791 intenderis
1899 728 2249 813 ingenium,
2285 744 2317 791 3

236 813 441 877 valet.
488 812 546 876 si
589 814 812 878 lubido
857 812 1174 897 possidet,
1223 835 1300 878 ea
1346 813 1739 897 dominatur,
1785 814 2036 879 animus
2081 816 2247 879 nihil

236 901 430 965 valet.
523 922 760 1002 magna
803 900 960 966 mihi
1013 902 1200 984 copia
1245 905 1348 965 est
1383 865 1799 1002 memorandi,
1843 906 2063 986 patres
2102 925 2247 968 con·
2285 919 2319 964 4

237 987 498 1072 scripti»,
560 990 672 1072 qui
729 1010 915 1074 reges
969 992 1165 1071 atque
1219 989 1445 1073 populi
1496 989 1597 1054 ira
1646 994 1760 1054 aut
1810 990 2252 1055 misericordia

237 1075 486 1160 inpulsi
532 1077 700 1141 male
747 1076 1204 1142 consuluerint.
1295 1077 1408 1141 sed
1454 1099 1532 1142 ea
1575 1077 1747 1142 malo
1794 1078 2031 1162 dicere,
2086 1099 2249 1161 quae

237 1164 518 1229 maiores
561 1165 775 1229 nostri
811 1168 1039 1230 contra
1073 1163 1430 1228 lubidinem
1466 1165 1666 1229 animi
1704 1166 1805 1230 sui
1840 1170 2014 1231 recte
2053 1169 2248 1249 atque

238 1252 464 1317 ordine
498 1251 724 1317 fecere.
793 1252 967 1316 bello
1004 1250 1439 1335 Macedonico,
1477 1253 1647 1335 quod
1684 1275 1830 1317 cum
1867 1274 2020 1338 rege
2051 1253 2248 1318 Perse
2286 1269 2318 1316 5

236 1340 561 1426 gessimus
574 1390 591 1423 ,
635 1339 1041 1404 Rhodiorum
1087 1338 1317 1404 civitas
1364 1359 1603 1425 magna
1647 1343 1841 1424 atque
1887 1341 2248 1426 magnifica,

236 1448 405 1511 quae
423 1428 649 1511 populi
662 1427 941 1492 Romani
961 1427 1193 1510 opibus
1213 1431 1521 1511 creverat,
1548 1427 1745 1491 infida
1763 1430 1958 1511 atque
1978 1428 2250 1493 advorsa

234 1514 430 1580 nobis
484 1514 629 1579 fuit.
717 1516 831 1580 sed
882 1519 1233 1599 postquam
1285 1515 1459 1579 bello
1511 1514 1807 1580 confecto
1852 1516 1929 1579 de
1975 1514 2247 1580 Rhodiis

237 1603 612 1668 consultum
658 1607 776 1685 est,
821 1603 1098 1667 maiores
1132 1602 1363 1685 nostri,
1406 1624 1489 1667 ne
1527 1602 1671 1687 quis
1710 1603 2084 1668 divitiarum
2118 1625 2249 1667 ma-

237 1691 343 1776 gis
391 1712 587 1773 quam
631 1690 903 1754 iniuriae
950 1711 1143 1754 causa
1186 1690 1431 1754 bellum
1474 1690 1805 1774 inceptum
1849 1690 2110 1774 diceret,
2157 1691 2249 1754 in·

235 1776 507 1863 punitos
562 1800 673 1843 eos
727 1777 1046 1842 dimisere.
1142 1777 1303 1842 item
1360 1778 1550 1842 bellis
1604 1777 1867 1845 Punicis
1933 1778 2250 1863 omnibus,
2287 1796 2319 1844 6

234 1888 390 1931 011111
435 1887 625 1949 saepe
670 1864 1238 1951 Carthaginienses
1285 1869 1354 1929 et
1397 1865 1468 1930 in
1510 1888 1667 1949 pace
1713 1870 1781 1931 et
1815 1888 1931 1950 per
1965 1866 2248 1930 indutias

237 1954 452 2018 multa
503 1953 752 2017 nefaria
804 1953 1093 2018 facinora
1143 1952 1478 2037 fecissent,
1539 1971 1895 2037 numquam
1948 1953 2077 2038 ipsi
2132 1975 2251 2037 per

237 2040 649 2106 occasionem
692 2041 855 2106 talia
895 2041 1130 2105 fecere:
1176 2041 1387 2125 magis
1434 2041 1589 2125 quid
1635 2063 1703 2106 se
1749 2041 2017 2127 dignum
2059 2040 2249 2125 foret,

237 2150 438 2214 quam
483 2128 639 2211 quid
681 2129 752 2193 in
793 2128 944 2193 illos
989 2128 1130 2192 11118
1173 2128 1315 2192 fieri
1350 2132 1601 2213 posset,
1647 2130 2060 2212 quaerebant.
2122 2129 2250 2194 hoc
2288 2147 2318 2194 ’1

237 2217 401 2281 item
465 2216 651 2280 vobis
713 2216 1179 2300 providendum
1240 2220 1368 2299 est,
1440 2221 1659 2299 patres
1728 2216 2105 2301 conscripti,
2166 2239 2249 2282 ne

236 2306 389 2389 plus
445 2304 615 2387 apud
658 2325 774 2368 vos
819 2303 1034 2368 valeat
1076 2302 1148 2367 P.
1193 2303 1457 2369 Lentuli
1511 2307 1578 2367 et
1622 2308 1985 2369 ceterorum
2040 2304 2248 2368 8081118

238 2413 438 2477 quam
484 2395 707 2456 vostra
750 2391 1065 2477 dignitas,
1116 2412 1244 2455 neu
1287 2391 1499 2477 magis
1552 2391 1688 2455 irae
1742 2394 2001 2455 vostrae
2055 2412 2249 2473 quam

238 2480 454 2544 famae
491 2480 862 2543 consulatis.
932 2501 1088 2543 nam
1116 2478 1173 2541 si
1199 2478 1398 2563 digna
1422 2500 1631 2562 poena
1656 2500 1775 2561 pro
1803 2477 1996 2543 factis
2026 2499 2249 2542 eorum
2287 2497 2317 2544 8

240 2566 587 2650 reperitur,
639 2589 879 2631 novom
937 2565 1279 2631 consilium
1335 2566 1649 2650 adprobo:
1713 2565 1817 2630 sin
1869 2565 2248 2651 magnitudo

242 2654 505 2720 sceleris
545 2654 833 2719 omnium
868 2654 1132 2739 ingenia
1168 2658 1494 2739 exuperat,
1528 2653 1634 2719 his
1665 2654 1977 2719 utendum
2004 2675 2250 2736 censeo,

242 2763 408 2826 quae
444 2742 698 2826 legibus
737 2745 1087 2826 conparata
1123 2745 1291 2806 sunt.

373 2828 674 2912 Plerique
693 2850 936 2912 eorum,
963 2829 1075 2912 qui
1094 2834 1243 2894 ante
1263 2852 1366 2894 me
1387 2830 1741 2895 sententias
1760 2829 2077 2913 dixerunt,
2107 2852 2251 2895 con·
2286 2849 2319 2895 9

239 2917 456 3002 posite
485 2921 680 2999 atque
699 2916 1039 3001 magnifice
1059 2938 1281 2981 casum
1307 2918 1404 2981 rei
1431 2918 1728 3002 publicae
1756 2917 2050 2982 miserati
2079 2922 2249 2981 sunt.

242 3027 406 3088 quae
442 3004 598 3068 belli
637 3004 907 3068 saevitia
937 3008 1127 3087 esset,
1165 3025 1328 3088 quae
1360 3005 1552 3069 victis
1581 3004 1961 3088 acciderent,
1998 3026 2250 3068 enume-

241 3112 492 3157 ravere:
528 3092 672 3175 rapi
701 3091 984 3177 virgines
1012 3113 1265 3175 pueros,
1301 3092 1520 3156 divelli
1555 3091 1796 3155 liberos
1835 3113 1874 3154 a
1908 3095 2251 3174 parentum

243 3179 576 3263 conplexu,
604 3182 844 3243 matres
871 3179 1266 3243 familiarum
1291 3180 1434 3263 pati
1461 3199 1623 3263 quae
1649 3177 2006 3243 victoribus
2035 3178 2251 3243 0011111-

242 3267 558 3349 buissent,
570 3267 723 3330 fana
740 3272 935 3366 atque
954 3267 1180 3331 domos
1201 3266 1487 3351 spoliari,
1507 3266 1766 3331 caedem
1779 3263 2073 3328 incendia
2090 3265 2249 3347 fieri,

242 3359 575 3439 postremo
610 3354 811 3417 armis
840 3353 1284 3439 cadaveribus,
1320 3376 1548 3419 cruore
1585 3358 1778 3437 atque
1813 3352 1996 3416 luctu
2033 3352 2252 3416 omnia

243 3441 549 3526 conpleri.
623 3440 761 3524 sed,
795 3463 913 3524 per
936 3441 1090 3504 deos
1118 3440 1511 3525 inmortalis,
1557 3463 1684 3525 quo
1723 3440 1839 3505 illa
1872 3438 2082 3504 oratio
2110 3460 2250 3522 per·
2290 3454 2356 3502 10

243 3530 488 3595 tinuit?
525 3550 611 3593 an
634 3527 735 3591 uti
761 3550 877 3592 vos
903 3527 1178 3593 infestos
1207 3528 1641 3595 coniurationi
1667 3526 1955 3595 faceret?
1984 3526 2251 3612 scilicet,
