2650 4059
424 221 551 287 108
1077 223 1133 276 (J.
1174 220 1514 274 SALLUSTI
1551 220 1778 274 CRISPI

345 381 380 429 4
417 366 704 430 animum
752 366 996 430 adortaj
1089 369 1156 429 et
1200 364 1372 428 forte
1418 364 1486 427 in
1532 386 1608 429 eo
1653 364 1800 428 loco
1847 364 2109 449 grandis
2155 363 2287 428 ilex
2334 390 2447 429 co·

418 454 668 518 aluerat
703 454 875 518 inter
912 474 1087 544 saxa,
1131 453 1397 536 paulum
1435 453 1628 516 modo
1664 473 1889 535 prona,
1934 452 2162 516 deinde
2198 452 2449 516 inflexa

418 545 613 625 atque
668 545 862 606 aucta
913 541 986 605 in
1039 540 1479 623 altitudinem,
1545 561 1672 623 quo
1730 543 1964 604 cuncta
2022 540 2440 624 gignentium

415 634 651 693 natura
704 629 850 693 fert.
960 629 1142 694 cuius
1208 627 1408 691 ramis
1473 628 1664 691 modo
1739 628 1931 693 modo
1998 628 2447 692 eminentibus

419 718 592 782 saxis
636 718 820 782 nisus
867 715 1070 802 Ligus
1115 717 1188 780 in
1231 715 1487 780 castelli
1523 715 1866 799 planitiem
1901 716 2215 801 pervenit,
2262 718 2439 799 quod

347 818 380 867 ὅ
420 805 635 870 cuncti
679 804 1001 870 Numidae
1047 804 1286 868 intenti
1330 803 1806 905 proeliantibus
1844 804 2128 868 aderant.
2221 805 2448 887 explo-

417 893 579 957 ratis
636 893 936 958 omnibus
945 944 964 977 ,
1020 914 1185 975 quae
1240 913 1392 955 mox
1444 892 1593 956 usui
1646 891 1787 956 fore
1841 892 2144 975 ducebat,
2211 893 2447 956 eadem

415 981 807 1065 regreditur,
849 1002 985 1045 non
1027 984 1296 1064 temere,
1341 980 1443 1042 uti
1488 980 1890 1062 ascenderat,
1945 980 2058 1044 sed
2101 984 2447 1064 temptans

347 1085 379 1133 6
419 1068 635 1133 01111113
680 1071 748 1132 et
783 1067 1325 1152 circumspiciens.
1388 1067 1609 1151 itaque
1646 1066 1929 1131 Μ3113111
1963 1089 2241 1151 propere
2284 1068 2447 1152 adit,

419 1160 568 1221 acta
605 1157 847 1240 edocet,
881 1156 1205 1240 hortatur,
1242 1157 1325 1220 ab
1357 1176 1434 1219 ea
1458 1158 1664 1239 parte,
1702 1176 1830 1238 qua
1865 1156 2004 1238 ipse
2038 1119 2447 1240 ascenderat:

108 1278 112 1282 v
419 1244 761 1309 castellum
807 1248 1105 1328 temptet,
1151 1243 1502 1327 pollicetur
1547 1264 1689 1307 sese
1733 1243 1988 1306 itineris
2033 1243 2449 1327 periculique

55 1321 405 1523 „27st
419 1332 663 1396 ducem.
752 1331 1000 1397 Marius
1048 1354 1195 1396 cum
1240 1329 1482 1417 Ligure
1536 1331 1861 1431 promissa
1913 1331 2051 1395 eius
2087 1331 2445 1416 ansstssm

419 1442 497 1485 ex
540 1421 993 1504 praesentibus
1039 1420 1238 1484 misit.
1286 1441 1562 1503 quorum
1607 1419 1708 1483 uti
1746 1419 2054 1502 cuiusque
2099 1418 2457 1504 ingenium

418 1512 585 1592 erat,
648 1509 746 1573 ita
789 1531 929 1572 rem
975 1508 1307 1573 difficilem
1354 1511 1468 1571 aut
1512 1506 1774 1571 facilem
1815 1506 2226 1592 nuntiavere3
2293 1529 2447 1572 3011

347 1611 379 1660 8
418 1596 577 1660 311113
626 1597 879 1660 animus
926 1600 1148 1659 tamen
1190 1596 1460 1679 paulum
1496 1595 1813 1660 adrectuS.
1876 1595 2098 1678 itaque
2135 1617 2214 1659 ex
2249 1596 2448 1680 copiav

417 1683 783 1747 tubicinum
829 1686 897 1747 et
942 1683 1341 1748 cornicinum
1384 1705 1654 1748 numero
1702 1683 1984 1766 quinque
2032 1704 2231 1766 quam
2267 1683 2445 1748 velo-

420 1770 735 1835 cissumos
801 1771 1044 1855 delegit
1108 1774 1175 1835 et
1239 1793 1386 1835 cum
1451 1772 1572 1855 313,
1633 1771 1956 1854 praesidio
2024 1771 2137 1853 qui
2198 1771 2448 1855 forent,

419 1862 731 1942 quattuor
795 1859 1219 1943 centuriatos,
1284 1860 1621 1942 omnisque
1676 1857 1906 1944 Liguri
1968 1880 2196 1942 parere
2251 1860 2448 1924 iubet

312 1945 398 2010 94
418 1950 485 2010 et
531 1947 592 2010 ei
634 1947 903 2031 negotio
948 1969 1339 2031 proxumum
1383 1947 1554 2011 diem
1600 1947 1960 2011 constituit.
2036 1947 2149 2011 sed
2193 1947 2313 2011 ubi
2358 1971 2438 2012 ex

415 2038 763 2119 praecepto
810 2039 1068 2119 tempus
1114 2035 1354 2119 visum,
1399 2035 1648 2118 paratis
1697 2035 2183 2118 conpositisque
2231 2036 2434 2100 omni-

415 2122 538 2187 bus
604 2121 685 2185 ad
748 2122 963 2187 locum
1021 2123 1256 2209 pergit.
1349 2126 1637 2188 ceterum
1680 2122 1807 2205 illi,
1863 2122 1975 2206 qui
2029 2144 2081 2187 e,
2120 2124 2442 2187 centuriis

416 2213 630 2294 erant,
688 2211 1022 2294 praedocti
1077 2213 1159 2276 ab
1206 2211 1367 2275 duce
1423 2232 1604 2274 arma
1660 2214 2088 2293 ornatumque
2144 2214 2433 2276 mutave-

414 2303 589 2362 rant:
627 2300 840 2382 capite
878 2303 1073 2383 atque
1108 2300 1382 2383 pedibus
1418 2298 1627 2382 nudis,
1671 2298 1771 2362 uti
1805 2302 2191 2381 prospectus
2225 2300 2445 2364 nisus-

414 2387 1180 2540 3325253113531032
1208 2385 2201 2539 {Zrissssssperoffiffsssghffisst
2230 2391 2440 2538 {3353

345 2576 377 2624 2
416 2565 484 2626 et
530 2562 775 2626 offensa
821 2583 948 2645 quo
994 2562 1202 2625 levius
1248 2496 1649 2645 strepere'ntl.J
1718 2561 1924 2644 igitur
1965 2493 2438 2645 {raegrediens

415 2647 620 2748 Ligus
669 2670 825 2712 saxa
870 2652 937 2710 et
983 2649 1039 2710 si
1086 2668 1248 2730 quae
1285 2652 1581 2712 vetustae
1619 2648 1867 2713 radices
1899 2648 2302 2733 eminebant,
2347 2650 2438 2714 la—

418 2736 598 2818 queis
645 2735 989 2818 vinciebat,
1036 2734 1271 2817 quibus
1320 2735 1601 2800 adlevati
1646 2736 1887 2799 milites
1923 2735 2181 2801 facilius
2220 2759 2432 2802 escen-

416 2823 658 2905 derent,
684 2822 1014 2885 interdum
1033 2821 1297 2886 timidos
1316 2823 1668 2888 insolentia
1692 2824 1947 2888 itineris
1975 2824 2189 2888 levare
2208 2847 2438 2910 manu;

413 2909 527 2974 ubi
588 2908 784 2993 paulo
850 2910 1141 2993 asperior
1204 2932 1506 2976 ascensus
1563 2916 1735 2995 erat,
1799 2912 2091 2996 singulos
2145 2935 2304 2995 prae
2363 2935 2433 2977 se

414 2999 698 3062 inermos
736 2997 1017 3082 mittere,
1054 2998 1337 3063 deinde
1317 3021 1458 3083 lpse
1497 3022 1642 3064 cum
1678 2963 1944 3063 il⁷lorum
1982 3000 2181 3063 armis
2220 3002 2433 3086 sequi;

391 3098 580 3169 ‘quae
626 3086 823 3150 dubia
865 3086 1040 3151 1113111
1084 3086 1486 3171 videbantur,
1535 3087 1939 3171 potissumus
1986 3091 2311 3171 temptare
2357 3111 2433 3153 33

414 3174 671 3257 saepius
718 3174 941 3238 eadem
987 3175 1336 3239 ascendens
1384 3175 1928 3259 descendensque,
1992 3175 2142 3239 dein
2202 3177 2430 3240 statim

344 3277 373 3325 3
414 3262 782 3345 digrediens
838 3262 1069 3327 ceteris
1126 3263 1462 3327 audaciam
1506 3262 1754 3327 addere.
1845 3262 2051 3349 igitur
2106 3263 2216 3327 diu
2269 3265 2431 3328 mul·

415 3353 684 3432 tumque
737 3349 1003 3434 fatigati
1062 3352 1326 3415 tandem
1369 3352 1441 3414 in
1486 3350 1827 3415 castellum
1872 3352 2282 3436 perveniunt,
2330 3353 2432 3417 de-

414 3441 662 3501 sertum
716 3439 798 3501 ab
846 3459 919 3502 ea
965 3442 1178 3522 parte,
1244 3439 1415 3523 quod
1480 3461 1703 3502 omnes
1770 3440 1940 3503 sicut
1999 3440 2146 3503 aliis
2202 3441 2427 3505 diebus

415 3524 762 3589 advorsum
806 3526 1019 3589 hostis
1069 3526 1352 3590 aderant.
1424 3526 1673 3590 Marius
1710 3528 1825 3591 ubi
1863 3549 1943 3591 ex
1976 3528 2226 3592 nuntiis
2266 3551 2429 3611 quae
