2650 4059
490 263 573 325 12
1139 257 1198 314 0.
1236 257 1578 313 SALLUSTI
1613 257 1844 313 ORISPI

411 424 444 470 4
482 405 731 490 tellexi3
783 427 937 470 nam
981 404 1153 468 idem
1199 404 1381 467 velle
1413 406 1609 486 atque
1655 403 1826 467 idem
1870 404 2073 488 nolle,
2118 425 2196 468 ea
2243 405 2499 471 demum

481 495 671 560 firma
707 493 995 558 amicitia
1032 495 1150 557 est.

413 599 445 645 5
617 580 742 647 Sed
770 603 891 667 ego
921 601 1085 663 quae
1113 584 1331 644 mente
1361 578 1623 664 agitavi,
1652 599 1874 644 omnes
1894 580 2026 644 iam
2046 583 2240 645 antea
2258 580 2502 646 divorsi

412 687 443 735 6
483 670 776 735 audistis.
834 672 1120 733 ceterum
1148 666 1357 731 mihi
1338 689 1409 730 ιιι
1436 666 1571 731 dies
1599 667 1811 752 magis
1837 668 2090 733 animus
2110 669 2506 752 accenditur,

483 780 632 824 cum
651 756 1006 839 considero,
1036 776 1200 839 quae
1220 753 1513 820 condicio
1532 754 1706 818 vitae
1724 754 1947 820 futura
1967 756 2073 840 sit,
2094 755 2224 821 nisi
2242 761 2505 821 nosmet

415 861 444 908 7
483 846 612 930 ipsi
630 844 1033 910 vindicamus
1052 842 1530 907 inlibertatem.
1574 863 1728 906 nam
1745 806 2096 927 postquam
2114 864 2218 908 res
2237 844 2503 927 publica

483 935 554 999 in
596 953 953 1018 paucorum
997 930 1391 1016 potentium
1410 930 1512 994 ius
1560 933 1755 1013 atque
1801 930 2119 996 dicionem
2162 933 2506 1017 concessit,

484 1043 737 1105 semper
772 1019 905 1084 illis
942 1039 1129 1104 reges
1167 1017 1533 1082 tetrarchae
1561 1018 1914 1104 vectigales
1944 1041 2103 1103 esse,
2135 1021 2370 1119 populi
2396 1042 2506 1085 na-

481 1109 696 1174 tiones
725 1107 1049 1191 stipendia
1074 1106 1379 1190 pendere3
1407 1106 1606 1170 ceteri
1634 1127 1876 1191 omnes,
1905 1107 2154 1171 strenui
2181 1108 2359 1208 boni,
2393 1127 2505 1173 no·

483 1197 647 1261 biles
694 1199 889 1279 atque
935 1194 1278 1280 ignobiles,
1323 1193 1555 1279 volgus
1600 1193 1870 1278 fuimus,
1916 1195 2055 1259 sine
2089 1195 2316 1281 gratia
2365 1197 2505 1261 sine

371 1349 376 1372 ⁸
484 1284 892 1368 auctoritate,
937 1283 1030 1349 eis
1070 1282 1353 1366 obnoxii,
1400 1281 1652 1365 quibuS,
1700 1282 1758 1347 si
1793 1304 1896 1347 res
1932 1283 2197 1367 publica
2235 1284 2506 1369 valeret,
2621 1323 2622 1330 ι

411 1385 444 1433 8
482 1371 815 1437 formidini
842 1393 1145 1436 essemus,
1211 1370 1432 1452 itaque
1462 1369 1671 1434 omnis
1701 1371 1915 1456 gratia
1940 1370 2254 1455 potentia,
2290 1371 2505 1437 honos

484 1461 748 1525 divitiae
795 1460 966 1543 apud
1011 1459 1162 1523 illos
1210 1461 1364 1521 sunt
1408 1461 1524 1521 aut
1567 1458 1683 1522 ubi
1728 1458 1828 1522 illi
1874 1459 2129 1543 volunt3
2171 1459 2367 1523 nobis
2410 1481 2507 1525 re-

413 1563 444 1610 9
482 1549 728 1632 liquere
765 1546 1055 1631 pericula
1089 1544 1401 1629 repulsas,
1438 1545 1677 1610 iudicia
1712 1550 2092 1630 egestatem.
2166 1567 2331 1629 quae
2373 1569 2507 1631 quo

480 1657 685 1719 usque
713 1634 976 1698 tandem
999 1632 1358 1718 patiemini,
1388 1654 1426 1698 o
1454 1632 1819 1697 fortissumi
1848 1634 2016 1698 viri?
2060 1655 2274 1700 nonne
2296 1635 2509 1700 emori

440 1731 445 1736 ‘
480 1746 599 1807 per
642 1723 954 1787 virtutem
997 1723 1290 1805 praestat
1337 1741 1532 1804 quam
1576 1721 1782 1785 vitam
1828 1722 2132 1786 miseram
2174 1728 2375 1805 atque
2412 1724 2507 1788 in-

480 1812 851 1892 honestam,
906 1809 1022 1873 ubi
1076 1808 1322 1872 alienae
1381 1808 1720 1893 superbiae
1773 1809 2056 1874 ludibrio
2101 1809 2332 1894 fueris,
2387 1833 2508 1895 per

379 1912 443 1960 10
483 1899 755 1963 dedecus
803 1896 1150 1961 amittere?
1214 1913 1446 1960 ‘verum
1491 1897 1665 1960 enim
1699 1918 1872 1982 vero,
1916 1919 2035 1981 pro
2073 1897 2265 1962 deum
2304 1902 2506 1982 atquo

481 1987 822 2051 hominum
885 1985 1105 2068 fidem,
1167 1984 1443 2049 victoria
1509 1984 1578 2049 in
1633 2006 1828 2050 manu
1880 1985 2071 2050 nobis
2128 1990 2255 2069 est,
2319 1987 2509 2072 viget

482 2078 689 2157 aetaS,
743 2073 997 2137 animus
1051 2072 1252 2156 valet3
1307 2076 1535 2136 contra
1586 2073 1720 2136 illis
1775 2073 1961 2137 annis
2008 2076 2204 2156 atque
2251 2073 2507 2139 divitiis

482 2162 701 2228 omnia
746 2164 1234 2226 consenuerunt.
1324 2163 1583 2224 tantum
1638 2160 1828 2225 modo
1879 2162 2139 2244 incepto
2177 2183 2343 2245 opus
2383 2167 2507 2247 est,

379 2265 440 2311 11
482 2254 697 2316 cetera
740 2270 844 2313 res
881 2248 1192 2333 expediet.
1266 2248 1508 2311 etenim
1545 2248 1690 2331 quis
1729 2249 2123 2333 mortalium,
2170 2250 2273 2314 cui
2311 2250 2505 2315 virile

482 2338 817 2424 ingenium
874 2341 1000 2420 est,
1056 2336 1335 2401 tolerare
1389 2339 1611 2419 potest
1663 2336 1796 2400 illis
1856 2337 2117 2401 divitias
2175 2359 2506 2422 superare,

481 2448 641 2510 quas
693 2425 1089 2510 profundant
1141 2424 1212 2488 in
1265 2423 1619 2488 extruendo
1675 2425 1840 2488 mari
1895 2428 1964 2489 et
2017 2425 2351 2490 montibus
2402 2448 2506 2491 co-

482 2513 863 2598 aequandis,
905 2512 1097 2577 nobis
1142 2533 1281 2575 rem
1326 2510 1716 2575 familiarem
1762 2513 1963 2576 etiam
2007 2513 2090 2577 ad
2131 2515 2506 2578 necessaria

481 2601 747 2668 deesse?
845 2600 995 2664 illos
1049 2599 1237 2662 binas
1293 2603 1409 2662 aut
1465 2599 1742 2683 amplius
1808 2600 2033 2664 domos
2100 2601 2505 2688 continuare,

378 2703 441 2751 12
479 2690 669 2754 nobis
725 2688 931 2751 larem
985 2685 1373 2750 familiarem
1425 2708 1749 2770 nusquam
1799 2688 2009 2752 ullum
2072 2688 2257 2752 esse‘?
2352 2711 2504 2755 cum

478 2776 738 2841 tabulas
804 2775 991 2860 signa
1055 2777 1423 2838 toreumata
1478 2779 1729 2858 emunt,
1790 2797 1959 2840 nova
2012 2776 2303 2859 diruunt,
2369 2778 2505 2842 alia

480 2863 842 2946 aedificant,
885 2867 1218 2946 postremo
1262 2862 1563 2926 omnibus
1601 2862 1810 2943 modis
1847 2863 2188 2946 pecuniam
2223 2864 2504 2930 trahunt

478 2953 742 3033 vexant,
796 2953 1019 3013 tamen
1074 2971 1326 3014 summa
1381 2949 1668 3014 lubidine
1722 2950 1985 3015 divitias
2043 2972 2192 3015 suas
2238 2952 2500 3017 vincere

374 3054 438 3101 13
476 3043 825 3123 nequeunt.
898 3042 968 3103 at
1002 3038 1193 3103 nobis
1231 3042 1334 3102 est
1371 3038 1600 3102 domi
1582 3039 1821 3122 inopia,
1856 3037 2018 3103 foris
2057 3060 2165 3104 aes
2195 3038 2501 3125 alienum,

477 3127 651 3192 mala
702 3148 832 3212 res,
887 3148 1036 3211 spes
1092 3126 1300 3191 multo
1357 3126 1673 3210 asperior.
1727 3126 1999 3210 denique
2056 3126 2211 3210 quid
2260 3127 2499 3211 reliqui

476 3216 792 3280 habemus
838 3219 1097 3299 praeter
1142 3214 1448 3279 miseram
1495 3213 1825 3278 animam?

375 3318 439 3366 14
611 3303 784 3379 Quin
811 3303 1016 3388 igitur
1044 3301 1611 3387 expergiscimini?
1657 3324 1738 3366 en
1763 3302 1897 3386 illa,
1933 3302 2050 3366 illa
2077 3323 2272 3385 quam
2302 3325 2497 3389 saepe

477 3392 753 3476 optastis
818 3391 1115 3474 libertas,
1175 3393 1513 3473 praeterea
1573 3389 1838 3454 divitiae
1904 3391 2096 3455 decus
2160 3391 2374 3476 gloria
2427 3392 2495 3457 in

477 3480 681 3544 oculis
729 3479 857 3542 sita
904 3482 1084 3561 sunt3
1114 3476 1385 3541 'fortuna
1430 3477 1647 3541 omnia
1692 3500 1769 3542 ea
1811 3477 2168 3543 victoribus
2204 3480 2495 3562 praemia

373 3583 436 3631 15
473 3567 712 3651 posuit.
769 3586 870 3629 res
901 3569 1177 3649 tempus,
1204 3565 1494 3647 pericula
1521 3569 1797 3651 egestaS,
1824 3566 1982 3630 belli
2011 3566 2220 3650 spolia
2249 3569 2494 3653 magni-
