2650 4059
435 240 520 305 32
1090 238 1147 296 Ο.
1187 238 1525 294 SALLUsTI
1561 237 1787 295 CRISPI

432 406 638 468 neque
694 384 995 450 audaciae
1040 406 1352 468 umquam
1396 405 1656 469 eguere3
1707 406 1916 468 neque
1961 384 2095 450 illis
2142 386 2449 469 superbia

437 472 770 556 obstabat,
824 494 951 556 quo
1006 472 1217 537 minus
1273 471 1485 537 aliena
1528 472 1852 555 instituta,
1898 472 1955 536 si
2000 473 2194 538 modo
2238 475 2448 557 proba

332 575 398 625 38
436 564 638 644 erant,
681 560 1109 625 imitarentur.
1183 582 1365 624 arma
1400 563 1594 644 atque
1631 560 1764 624 tela
1798 560 2111 624 militaria
2144 560 2227 624 ab
2269 559 2447 626 Sam-

435 648 710 731 nitibus,
771 648 1054 733 insignia
1126 648 1630 734 magistratuum
1694 648 1774 712 ab
1838 646 2066 713 Tuscis
2137 648 2446 733 pleraque

436 739 868 820 sumpserunt.
957 739 1289 819 postremo
1346 736 1517 819 quod
1570 735 1809 819 ubique
1854 736 2024 819 apud
2069 736 2280 800 socios
2333 741 2449 801 aut

434 824 648 889 hostis
701 823 1005 888 idoneum
1058 822 1423 906 videbatur,
1486 844 1634 887 cum
1686 844 1940 887 summo
1995 823 2213 888 studio
2268 825 2446 888 domi

437 911 944 995 exequebanturz
996 910 1243 976 imitari
1294 931 1489 993 quam
1532 910 1816 974 invidere
1859 910 2049 975 bonis
2094 912 2448 976 malebant.

330 1016 397 1064 39
437 1000 549 1063 sed
595 998 819 1062 eodem
871 998 988 1062 illo
1034 1002 1326 1081 tempore
1373 996 1680 1062 Graeciae
1726 1019 1972 1062 morem
2016 997 2265 1063 imitati
2310 1021 2448 1064 ver-

433 1085 697 1150 beribus
737 1085 1343 1150 animadvortebant
1377 1085 1448 1149 in
1483 1084 1662 1169 civis,
1697 1086 1776 1149 de
1805 1086 2247 1150 condemnatis
2277 1108 2450 1152 sum·

330 1189 398 1237 40
436 1196 614 1238 mum
678 1173 1065 1257 supplicium
1127 1173 1485 1238 sumebant.
1591 1176 1939 1256 postquam
2009 1194 2112 1238 res
2182 1174 2452 1258 publica

437 1261 719 1326 adolevit
774 1265 841 1325 et
885 1260 1300 1326 multitudine
1348 1260 1585 1325 civium
1628 1260 1946 1325 factiones
1993 1261 2279 1346 valuere,
2330 1262 2447 1327 cir-

437 1348 789 1414 cumveniri
832 1349 1229 1432 innocentes,
1274 1348 1405 1413 alia
1446 1348 1715 1412 huiusce
1760 1348 1935 1412 modi
1980 1348 2122 1413 fieri
2158 1370 2447 1435 coepere,

437 1442 579 1502 tum
631 1436 737 1502 1611
783 1436 1019 1502 Porcia
1071 1436 1362 1519 aliaeque
1415 1437 1593 1521 leges
1646 1440 1912 1519 paratae
1967 1439 2146 1520 sunt,
2208 1437 2447 1520 quibus

330 1541 394 1590 41
434 1525 688 1610 legibus
744 1525 1007 1589 exilium
1061 1524 1384 1588 damnatis
1438 1522 1826 1623 permissum
1881 1527 1998 1588 681.
2093 1486 2261 1589 lianc
2320 1546 2447 1611 ego

436 1635 713 1696 causam,
749 1608 969 1695 patres
1008 1611 1377 1711 conscripti,
1414 1633 1541 1695 quo
1577 1611 1790 1675 minus
1826 1632 2064 1676 novom
2102 1612 2448 1677 consilium

332 1716 398 1764 42
437 1700 793 1783 capiamus,
846 1699 917 1762 in
966 1698 1195 1782 primis
1250 1719 1554 1783 magnam
1607 1703 1785 1799 puto.
1881 1697 2176 1782 profecto
2232 1701 2448 1765 virtus

436 1791 630 1871 atque
678 1786 999 1870 sapientia
1041 1786 1249 1851 maior
1292 1786 1426 1851 illis
1469 1785 1615 1869 fuit,
1667 1785 1777 1870 qui
1823 1808 1902 1850 ex
1945 1786 2162 1870 parvis
2209 1788 2447 1871 opibus

436 1878 693 1939 tantum
736 1873 1080 1957 imperium
1123 1873 1349 1957 fecere,
1396 1895 1589 1958 quam
1634 1874 1704 1937 in
1746 1873 1957 1958 nobis,
2003 1874 2114 1957 qui
2159 1896 2235 1939 ea
2279 1875 2443 1941 bene

435 1966 627 2045 parta
671 1961 779 2027 vix
823 1961 1195 2026 retinemus.

331 2066 398 2113 43
568 2048 793 2114 Placet
836 2049 1041 2133 igitur
1086 2071 1196 2114 eos
1234 2049 1481 2113 dimitti
1518 2053 1585 2113 61
1621 2048 1845 2133 augeri
1882 2049 2235 2114 exercitum
2273 2049 2451 2115 Cati

437 2136 654 2201 linae?
725 2133 1032 2201 minume:
1119 2137 1232 2202 sed
1284 2136 1382 2200 ita
1435 2158 1692 2220 censeo,
1744 2136 2164 2219 publicandas
2219 2159 2449 2202 eorum

434 2225 768 2308 pecunias,
820 2225 1000 2309 ipsos
1058 2225 1129 2289 in
1180 2224 1453 2289 vinculis
1507 2224 1839 2288 habendos
1898 2245 2016 2307 per
2077 2224 2449 2308 municipia,

437 2334 600 2396 quae
654 2334 950 2377 maxume
1007 2313 1238 2396 opibus
1282 2311 1527 2375 valent:
1586 2332 1712 2375 neu
1757 2311 1903 2394 quis
1949 2311 2027 2375 de
2074 2311 2168 2375 eis
2213 2317 2450 2395 postea

438 2401 517 2464 ad
564 2404 862 2465 senatum
905 2400 1146 2465 referat
1188 2421 1348 2464 neve
1395 2420 1543 2463 cum
1585 2399 1826 2482 populo
1874 2402 2057 2483 agat3
2103 2399 2215 2482 qui
2251 2400 2450 2465 aliter

434 2488 681 2572 fecerit,
728 2492 1023 2553 senatum
1068 2487 1458 2551 existumare
1495 2508 1642 2550 eum
1679 2490 1907 2550 contra
1941 2507 2080 2550 rem
2114 2486 2450 2572 publicam

439 2581 506 2641 et
552 2575 832 2640 salutem
877 2575 1166 2639 omnium
1210 2573 1573 2638 facturum?

331 2662 417 2727 52
567 2662 927 2746 Postquam
974 2660 1210 2727 Caesar
1254 2660 1513 2724 dicundi
1556 2661 1752 2725 finem
1786 2660 1962 2745 fecit,
2008 2663 2207 2727 ceteri
2243 2664 2449 2729 verbo

438 2751 602 2815 alius
658 2749 770 2813 alii
827 2747 1003 2812 varie
1059 2746 1603 2813 adsentiebantur.
1706 2752 1776 2812 at
1829 2747 1916 2812 M.
1962 2747 2230 2814 Porcius
2277 2749 2449 2817 Cato

437 2841 704 2924 rogatus
751 2835 1141 2901 sententiam
1182 2834 1449 2899 huiusce
1495 2835 1670 2900 modi
1716 2835 2078 2900 orationem
2121 2837 2381 2902 habuit.

368 2941 400 2988 2
570 2923 817 3009 Longe
863 2921 1026 2986 mihi
1071 2922 1199 2986 alia
1243 2944 1425 2986 mens
1463 2926 1581 3005 est,
1624 2927 1844 3006 patres
1881 2923 2251 3007 conscripti,
2296 2947 2451 2990 cum

439 3034 541 3077 res
587 3016 782 3094 atque
817 3010 1105 3094 pericula
1139 3014 1368 3074 nostra
1402 2973 1755 3094 considero,
1799 3014 1867 3074 et
1903 3033 2050 3075 cum
2085 3013 2449 3079 sententias

369 3117 401 3165 3
439 3122 570 3165 11011
603 3098 984 3163 1111110111111
967 3119 1106 3181 ipse
1142 3120 1396 3163 mecum
1422 3100 1670 3180 reput0.
1740 3098 1842 3161 illi
1868 3098 2032 3162 mihi
2061 3098 2450 3164 disseruisse

440 3187 737 3251 videntur
781 3186 859 3250 de
903 3207 1112 3270 poena
1146 3206 1389 3269 eorum,
1436 3185 1547 3269 qui
1581 3185 1833 3268 patriae
1868 3186 2265 3271 parentibus,
2312 3187 2447 3252 aris

440 3278 635 3358 atque
687 3272 851 3338 focis
912 3273 1046 3338 suis
1100 3274 1342 3338 bellum
1395 3294 1728 3356 paravere3
1790 3294 1893 3337 res
1950 3276 2168 3337 autem
2221 3280 2450 3341 monet

441 3383 663 3426 cavere
718 3362 801 3426 ab
846 3361 978 3425 illis
1033 3361 1242 3446 magis
1289 3382 1501 3444 quam,
1545 3360 1697 3442 quid
1752 3360 1823 3424 in
1866 3360 2016 3425 illos
2062 3365 2450 3447 statuamus,

369 3465 402 3512 4
441 3449 822 3513 consultare.
910 3470 1063 3513 nam
1109 3453 1323 3512 cetera
1362 3447 1667 3512 malificia
1702 3450 1846 3511 tum
1880 3469 2286 3534 persequare,
2330 3450 2451 3514 ubi

443 3536 616 3599 facta
660 3541 837 3621 sunt3
879 3536 1005 3601 hoc
1047 3536 1176 3601 nisi
1220 3534 1577 3620 provideris
1622 3556 1702 3599 ne
1750 3535 2016 3619 accidat,
2063 3536 2176 3601 ubi
2212 3537 2451 3624 evenit,
