2650 4059
308 221 312 226 ‘
412 265 497 329 (52
1063 263 1120 319 C.
1161 261 1502 317 SALLUSTI
1541 260 1770 317 CRISPI

414 409 623 474 sultus
670 413 788 493 est,
832 410 1200 494 placeretne
1244 408 1501 491 legatos
1546 405 1904 492 Iugurthae
1940 405 2143 489 recipi
2189 406 2435 470 moeni·

411 499 563 580 buS‚
607 498 793 580 eique
841 498 1202 578 decrevere,
1253 495 1384 559 nisi
1429 514 1702 579 regnum
1747 494 2089 577 ipsumque
2136 494 2435 558 deditum

412 587 758 668 venissent,
802 585 901 649 uti
945 585 1014 648 in
1060 584 1284 647 diebus
1321 582 1655 666 proxumis
1692 582 1914 646 decem
1940 580 2136 646 Italia
2154 582 2434 646 decede-

344 689 375 736 3
410 678 575 738 rent.
666 673 890 737 consul
953 670 1252 736 Numidis
1327 693 1404 734 ex
1477 673 1767 747 senatus,
1812 669 2072 734 decreto
2133 668 2434 734 nuntiari

413 762 611 826 iubet.
700 761 798 824 ita
841 759 1102 824 infectis
1148 759 1342 823 rebus
1387 758 1488 821 illi
1531 758 1796 822 domum
1841 757 2196 822 discedunt.

344 865 377 911 4
544 848 819 913 Interim
866 847 1252 931 Calpurnius
1298 850 1528 930 parato
1575 846 1861 911 exercitu
1884 879 1886 883 >
1913 846 2099 930 legat
2139 844 2277 909 sibi·
2311 845 2431 909 ho·-

414 937 619 1001 mines
672 936 914 1001 nobilis
967 935 1309 1018 factiosoS‚
1357 956 1632 1017 quorum
1677 934 2068 998 auctoritate
2116 955 2282 1017 quae
2328 934 2434 997 de-

417 1025 738 1126 liquisset,
784 1023 1036 1087 munita
1078 1022 1216 1088 fore
1263 1023 1584 1105 sperabat.
1646 1021 1717 1085 in
1763 1021 1908 1105 quis
1951 1020 2081 1085 fuit
2129 1020 2435 1104 8811111118,

348 1113 598 1177 cuius
643 1112 720 1176 de
764 1116 998 1176 natura
1043 1115 1109 1175 et
1151 1110 1383 1174 habitu
1429 1131 1625 1194 supra
1668 1109 2186 1174 memoravimus.
2273 1130 2431 1173 nam

413 1201 485 1264 in
543 1200 804 1264 consule
865 1204 1092 1264 nostro
1161 1197 1404 1262 multae
1459 1198 1794 1280 bonaeque
1856 1200 2029 1261 artes
2087 1196 2337 1263 animi
2362 1201 2434 1261 et

416 1288 704 1389 corporis
751 1292 960 1372 erant,
1006 1309 1166 1371 quas
1213 1286 1424 1350 omnis
1471 1285 1745 1350 avaritia
1787 1285 2274 1369 praepediebat.
2319 1307 2428 1369 pa-

416 1376 585 1441 tiens
620 1377 936 1459 laborum,
973 1375 1107 1441 acri
1143 1374 1424 1459 ingenio,
1463 1373 1624 1439 satis
1660 1373 2026 1457 providens,
2061 1373 2219 1437 belli
2254 1372 2434 1437 haud

347 1480 379 1528 6
417 1464 711 1550 ignarus,
763 1427 1196 1528 firmissumus
1244 1466 1470 1526 contra
1514 1462 1801 1545 pericula
1845 1464 1913 1525 et
1955 1460 2242 1525 insidias.
2316 1462 2435 1525 sed

414 1553 702 1637 legiones
728 1573 844 1636 per
871 1551 1133 1614 Italiam
1161 1549 1442 1634 Regium
1479 1553 1674 1632 atque
1705 1549 1854 1613 inde
1886 1547 2194 1632 Siciliam,
2228 1570 2432 1632 porro

347 1656 377 1704 7
417 1663 492 1703 ex
540 1638 823 1704 Sicilia
805 1662 876 1701 111
918 1638 1210 1702 Africam
1264 1641 1688 1701 transvectae.
1777 1637 1984 1722 igitur
2038 1636 2432 1720 Calpurnius
2467 1716 2473 1722 .

414 1727 606 1791 initio
650 1727 899 1809 paratis
939 1725 1382 1790 conmeatibus
1422 1726 1658 1790 acriter
1685 1723 2112 1789 Numidiam
2094 1745 2432 1816 ingressus

417 1818 518 1878 est
581 1814 951 1896 multosque
1018 1813 1345 1878 mortalis
1387 1817 1454 1877 et
1514 1813 1696 1877 urbis
1760 1812 2012 1896 aliquot
2078 1809 2442 1897 pugnando.

312 1902 395 1965 29
419 1903 639 1985 cepit„
675 1903 782 1966 sed
829 1902 942 1966 ubi
987 1901 1307 1986 Iugurtha
1350 1923 1467 1985 per
1509 1901 1764 1986 legatos
1800 1900 2072 1984 pecunia
2106 1904 2432 1984 temptare

417 1990 725 2073 bellique,
791 1991 962 2073 quod
1019 1988 1544 2071 administrabat,
1608 1989 2028 2072 asperitatem
2092 1989 2432 2053 ostendere

234 2102 239 2106 ·
350 2094 379 2139 2
420 2078 652 2161 coepit,
697 2078 950 2142 animus
988 2097 1180 2161 aeger
1216 2075 1493 2142 avaritia
1527 2076 1716 2141 facile
1755 2096 2106 2141 convorsus
2154 2080 2274 2140 est.
2335 2098 2434 2141 ce-

417 2171 631 2229 terum
677 2167 891 2230 socius
937 2170 1004 2230 et
1040 2165 1420 2229 administer
1461 2164 1750 2229 omnium
1789 2164 2208 2229 consiliorum
2247 2165 2433 2228 adsu-

417 2254 618 2318 mitur
664 2252 969 2338 ScauruS,
1028 2253 1140 2337 qui
1186 2252 1451 2316 tametsi
1506 2274 1544 2316 a
1596 2252 1917 2336 principio
1970 2253 2296 2336 plerisque
2353 2274 2435 2317 ex

416 2342 697 2407 factione
744 2342 882 2407 eius
928 2342 1262 2425 conruptis
1307 2353 1636 2405 acerrume
1681 2361 1902 2424 regem
1937 2340 2433 2425 inpugnaverat‚

417 2435 638 2496 tamen
696 2430 1139 2516 magnitudine
1193 2429 1501 2513 pecuniae
1566 2450 1606 2492 a
1657 2428 1829 2492 bono
1893 2428 2297 2511 honestoque
2360 2429 2435 2492 in

347 2534 378 2581 3
416 2540 684 2603 pravom
731 2520 1099 2583 abstractus
1145 2522 1263 2580 est.
1327 2517 1439 2581 sed
1484 2515 1807 2601 Iugurtha
1848 2516 2133 2599 primum
2169 2519 2475 2580 tantum-

418 2607 611 2672 modo
656 2607 813 2670 belli
857 2626 1108 2669 moram
1143 2604 1519 2688 redimebat,
1566 2604 1964 2668 existumans
2002 2624 2142 2668 sese
2180 2604 2430 2687 aliquid

416 2694 681 2758 interim
727 2693 972 2757 Romae
1026 2691 1239 2791 pretio
1295 2695 1410 2755 aut
1452 2655 1671 2793 giatia
1715 2691 2109 2756 effecturum.
2198 2696 2433 2792 postea

347 2833 350 2838 .
417 2803 571 2845 vero
636 2802 831 2863 quam
893 2778 1277 2863 participem
1339 2780 1566 2864 negoti
1630 2778 1944 2844 Scaurum
2012 2780 2287 2863 accepit,
2359 2780 2433 2843 in

419 2890 787 2932 maxumam
834 2889 1016 2951 spem
1062 2867 1376 2932 adductus
1432 2867 1902 2952 recuperandae
1956 2868 2136 2951 pacis
2191 2868 2432 2932 statuit

351 2972 383 3019 4
420 2979 567 3022 cum
612 2956 705 3020 818
742 2957 818 3020 de
858 2955 1157 3019 omnibus
1193 2954 1606 3039 pactionibus
1641 2976 1946 3039 praesens
1989 2976 2198 3039 agere.
2264 2960 2432 3020 cete·

419 3067 564 3109 rum
625 3045 875 3108 interea
934 3042 1086 3107 fidei
1149 3064 1344 3107 causa
1401 3044 1690 3108 mittitur
1754 3066 1793 3108 a
1847 3044 2108 3107 consule
2165 3041 2431 3108 Sextius

420 3137 725 3217 quaestor
768 3132 839 3195 in
884 3130 1193 3214 oppidum
1223 3129 1581 3216 Iugurthae
1609 3130 1883 3217 Vagam.
1948 3121 2129 3195 cuius
2166 3130 2261 3195 rei
2290 3152 2433 3215 spe-

420 3222 549 3286 8188
604 3223 745 3284 erat
799 3219 1090 3303 acceptio
1144 3218 1482 3303 frumenti,
1539 3219 1711 3302 quod
1766 3219 2154 3302 Calpurnius
2208 3219 2432 3302 palam

418 3307 655 3393 legatis
700 3308 1149 3391 imperaverat,
1196 3306 1503 3391 quoniam
1538 3305 1882 3371 deditionis
1919 3329 2105 3372 mora
2137 3307 2431 3372 indutiae

218 3473 227 3481 ,
350 3413 380 3460 5
420 3397 856 3481 agitabantur.
944 3395 1150 3480 igitur
1202 3417 1340 3478 rex,
1402 3395 1504 3459 uti
1563 3395 2017 3478 constituerat,
2079 3395 2151 3459 in
2213 3400 2435 3460 castra

417 3484 623 3567 venit,
675 3505 751 3548 ac
794 3505 1000 3568 pauca
1052 3483 1382 3567 praesenti
1436 3483 1705 3548 consilio
1751 3484 2008 3548 locutus
2062 3483 2140 3546 de
2185 3481 2432 3547 invidia

417 3571 579 3654 facti
624 3572 724 3636 sui
770 3576 964 3656 atque
1019 3571 1119 3635 uti
1161 3571 1228 3635 in
1275 3570 1669 3635 deditionem
1717 3571 2132 3655 acciperetur,
2176 3570 2432 3656 reliqua
