2650 4059
438 262 524 327 96
1101 260 1158 317 c,
1196 259 1536 316 SALLusm
1573 223 1803 315 cnism

102 368 854 490 Menonsionem
918 404 1195 488 faciunt,
1259 404 1361 469 uti
1416 408 1594 469 certo
1654 404 1756 469 die
1810 405 2015 491 legati
2070 407 2263 471 domo
2309 428 2456 508 pro·

438 494 905 560 ficiseerentur·
971 514 1098 577 quo
1153 493 1224 558 in
1276 492 1421 557 loco
1475 493 1647 557 inter
1692 514 1761 557 se
1816 492 1991 557 obvii
2044 493 2351 578 fuissent,
2397 495 2451 558 is

371 597 403 646 5
443 581 800 647 communis
835 581 1171 665 utriusque
1196 579 1425 664 populi
1450 579 1599 644 finis
1635 579 2001 645 haberetur.
2067 580 2275 666 igitur
2303 545 2453 647 Car-

442 669 709 755 thagine
772 670 898 733 duo
961 668 1198 732 fratres
1259 667 1472 751 missi,
1536 667 1771 750 quibus
1829 689 2068 733 nomen
2119 668 2451 734 Philaenis

442 761 609 840 erat,
680 761 1083 821 maturavere
1146 754 1274 820 iter
1334 775 1621 840 pergere.
1728 753 2126 839 Cyrenenses
2199 757 2450 822 tardius

441 844 590 910 iere.
642 844 709 908 id
755 843 1136 909 socordiane
1174 865 1259 907 an
1303 863 1457 907 casu
1503 842 1836 927 acciderit,
1880 864 2110 927 parum
2157 845 2452 930 cognovi.

63 937 425 1097 mm}
441 936 730 1084 {²32³}ss
764 931 1059 1083 {3530}ss
1075 929 1800 1100 ¹¹Rssi⁰z³ssffffi¹⁰3222⁸
1829 929 2454 1102 {m

442 1106 848 1193 gignentium
896 1109 1127 1171 ventus
1188 1108 1450 1170 coortus
1514 1104 1822 1169 harenam
1874 1105 2074 1170 humo
2122 1107 2451 1191 excitavit,

442 1216 518 1259 ea
563 1214 799 1279 magna
844 1194 908 1258 vi
954 1193 1204 1280 agitata
1250 1214 1365 1257 ora
1411 1192 1758 1277 oculosque
1813 1192 2058 1276 inplere
2105 1194 2305 1279 solet,
2360 1195 2454 1259 ita

236 1396 241 1400 -
372 1297 402 1346 ⁷
440 1284 791 1434 312⁰?ssss
835 1246 2453 1469 {¹233sssssssssssssrvidssffifqe'ssassbcfflffiff

77 1469 367 1576 m
490 1391 698 1558 ’fitam
762 1392 938 1522 doIini
1006 1477 1248 1540 poenas
1316 1459 1644 1539 metuunt,
1720 1454 2049 1520 criminari
2112 1454 2452 1543 Carthagi·
2506 1493 2510 1497 ·
2606 1523 2610 1544 ι

423 1545 683 1610 niensis
730 1548 880 1609 ante
925 1548 1182 1627 tempus
1228 1543 1422 1608 domo
1469 1543 1815 1628 digressos,
1861 1545 2249 1609 conturbare
2298 1567 2452 1629 rem,

442 1632 713 1716 denique
751 1631 970 1696 omnia
1004 1630 1196 1695 malle
1235 1652 1430 1715 quam
1467 1631 1624 1695 victi
1661 1630 1856 1696 abire.
1921 1632 2036 1696 sed
2073 1653 2219 1696 cum
2249 1631 2452 1698 Poeni

440 1720 637 1784 aliam
682 1718 1149 1800 condicionem,
1212 1722 1473 1783 tantum
1526 1719 1718 1784 modo
1772 1740 2074 1803 aequam,
2136 1723 2452 1804 peterent,

444 1805 674 1872 Graeci
720 1806 1050 1890 optionem
1090 1804 1730 1891 Carthaginiensium
1774 1806 2040 1890 faciunt,
2085 1811 2161 1871 ut
2196 1808 2304 1872 vel
2339 1809 2450 1892 illi,

441 1915 603 1978 quos
648 1893 798 1958 finis
843 1894 1087 1978 populo
1134 1915 1252 1958 suo
1296 1896 1620 1977 peterent,
1679 1893 1774 1958 ibi
1820 1894 1951 1958 vivi
2006 1895 2450 1980 obruerentur,

439 1982 541 2048 vel
605 1981 827 2046 eadem
890 1980 1263 2046 condicione
1328 2001 1470 2046 sese
1540 2002 1731 2065 quem
1802 1982 1873 2045 in
1932 1982 2148 2046 locum
2210 1984 2452 2049 vellent

366 2084 401 2133 9
438 2090 873 2154 processuros.
937 2067 1234 2133 Philaeni
1272 2068 1646 2134 condicione
1683 2070 1961 2154 probata
1996 2090 2192 2154 seque
2221 2071 2451 2136 vitam-

442 2179 565 2241 que
620 2179 802 2222 suam
862 2156 956 2222 rei
998 2156 1296 2240 publicae
1353 2156 1819 2221 condonavere:
1877 2157 1973 2221 ita
2025 2157 2157 2221 vivi
2213 2158 2450 2224 obruti.

336 2259 401 2308 ιο
441 2244 1018 2345 Carthaginienses
1066 2244 1136 2307 in
1198 2265 1274 2308 eo
1321 2243 1483 2309 loco
1546 2242 1876 2309 Philaenis
1930 2244 2248 2310 fratribus
2305 2268 2449 2312 aras

439 2354 890 2398 consecravere
936 2331 1174 2591 atpque
1210 2330 1344 2395 illis
1374 2331 1551 2395 domi
1593 2330 1872 2396 honores
1908 2331 2217 2397 instituti.
2281 2356 2450 2399 nunc

440 2422 520 2485 ad
564 2443 702 2486 rem
747 2421 937 2486 redeo

329 2507 418 2573 80
612 2507 932 2595 Iugurtha
1022 2513 1323 2591 ostquam
1370 2506 1610 2573 amissa
1655 2507 1866 2572 Thala
1915 2507 2082 2572 nihil
2139 2508 2302 2573 satis
2348 2510 2448 2574 fir-

438 2619 614 2661 mum
661 2601 888 2661 contra
930 2593 1269 2659 Metellum
1313 2599 1532 2680 putat,
1585 2617 1702 2678 per
1747 2615 2017 2680 magnas
2066 2596 2447 2662 solitudines

439 2705 584 2749 cum
646 2682 869 2766 paucis
941 2681 1271 2765 profectus
1343 2684 1638 2765 pervenit
1703 2683 1785 2747 ad
1841 2681 2180 2766 Gaetulos,
2245 2705 2447 2770 genus

436 2769 771 2834 hominum
815 2769 1026 2834 ferum
1070 2768 1514 2854 incultumque
1571 2773 1638 2835 et
1682 2790 1758 2835 eo
1805 2774 2096 2869 tempore
2142 2735 2444 2856 i'gnarum
2562 2825 2570 2834 .

367 2873 401 2921 2
436 2856 717 2921 nominis
763 2856 1057 2921 Romani.
1103 2876 1327 2921 eorum
1373 2857 1858 2922 multitudinem
1903 2858 1973 2922 in
2017 2880 2218 2923 unum
2267 2860 2446 2945 cogit

438 2966 513 3009 ac
558 2944 874 3029 paulatim
920 2943 1317 3009 consuefacit
1374 2945 1630 3010 ordines
1675 2945 1941 3029 habere,
2001 2945 2191 3030 signa
2246 2946 2447 3030 sequi,

364 3048 400 3097 3
438 3032 779 3116 imperium
826 3031 1186 3116 observare,
1230 3032 1391 3096 item
1438 3032 1568 3097 alia
1612 3039 1924 3097 militana
1967 3031 2195 3097 facere.
2269 3055 2447 3117 prae·

438 3125 616 3185 terea
677 3120 849 3205 regis
904 3118 1149 3185 Bocchi
1210 3140 1563 3203 proxumos
1629 3121 1882 3207 magnis
1942 3120 2321 3186 muneribus
2383 3125 2448 3185 et

58 3145 409 3320 W
437 3208 789 3272 maioribus
850 3207 1190 3291 promissis
1256 3208 1339 3272 ad
1402 3208 1688 3273 studium
1751 3208 1853 3272 sui
1914 3208 2237 3291 perducit,
2291 3209 2449 3292 Q

149 3364 160 3376 ‚
436 3295 840 3361 adiutoribus
887 3315 1106 3381 regem
1152 3315 1499 3380 aggressus
1526 3295 1802 3379 inpellit,
1847 3296 1948 3360 uti
1985 3296 2295 3361 advorsus
2325 3295 2447 3361 Ro-

51 3398 286 3457 m
502 3404 660 3449 anos
704 3383 947 3447 bellum
992 3382 1279 3467 incipiat.
1357 3383 1424 3447 id
1456 3383 1818 3483 ‚ea-gratia
1847 3382 2106 3449 facilius
2152 3383 2445 3467 pronius·

163 3378 559 3571 502&oe
612 3469 767 3553 fuit,
821 3470 992 3553 quod
1036 3469 1334 3535 Bocchus
1397 3470 1588 3535 initio
1645 3471 1914 3536 huiusce
1977 3471 2136 3536 belli
2189 3471 2446 3558 legatos

363 3571 398 3621 ὁ
436 3555 714 3622 Romam
760 3557 1027 3623 miserat
1070 3556 1299 3622 foedus
1355 3562 1422 3623 et
1468 3558 1824 3624 amicitiam
1875 3558 2188 3643 petitum,
2247 3580 2444 3642 quam
