2650 4059
421 218 504 282 68
1072 217 1129 271 Ο.
1169 215 1514 279 SALLUSTI
1551 216 1782 272 CRISPI

418 361 711 426 Bestiam
767 383 914 426 cum
970 361 1044 437 Q.
1099 360 1387 425 Minucio
1444 360 1619 425 Rufo
1686 361 2100 426 consulatum
2155 363 2450 448 gerebat,

418 450 790 534 persuadet,
855 448 1162 532 quoniam
1223 471 1303 512 ex
1366 449 1570 532 stirpe
1626 448 2014 513 Masinissae
2071 450 2161 515 sit
2216 449 2447 535 1118111-

420 538 729 621 thamque
778 537 861 602 ob
900 536 1144 601 scelera
1188 536 1432 600 invidia
1470 558 1618 601 cum
1654 541 1836 601 metu
1871 542 2123 622 urgeat,
2168 559 2448 623 regnum

350 643 380 689 3
418 625 763 691 Numidiae
819 625 900 688 ab
957 628 1186 689 senatu
1238 628 1439 708 petat
1542 625 1766 690 avidus
1825 625 2051 690 consul
2114 625 2276 690 belli
2340 647 2447 712 88-

419 714 607 778 11111(11
671 734 927 778 movere
993 734 1188 795 quam
1253 733 1584 777 senescere
1644 713 1862 777 omnia
1916 712 2221 778 malebat.
2314 714 2445 798 ipsi

350 820 381 866 «1
417 802 752 886 provincia
785 799 1113 885 Numidia,
1151 799 1436 864 Minucio
1475 799 1856 865 Macedonia
1892 805 2214 866 evenerat.
2279 824 2446 902 quae

417 893 769 990 postquam
814 887 1100 952 Massiva
1152 888 1402 973 agitare
1450 888 1665 971 coepit
1708 910 1917 972 neque
1963 888 2327 975 Iugurthae
2375 890 2446 954 in

421 977 645 1042 amicis
676 977 835 1042 satis
864 975 1145 1059 praesidi
1178 979 1296 1058 est,
1335 976 1508 1058 quod
1536 997 1761 1040 eorum
1802 977 2003 1041 alium
2041 977 2448 1042 conscientia

422 1065 621 1129 alium
666 1065 837 1129 mala
881 1062 1057 1128 fama
1101 1068 1168 1127 et
1206 1064 1405 1127 timor
1441 1063 1830 1148 inpediebat,
1875 1064 2249 1149 Bomilcari,
2297 1088 2448 1150 pro-

419 1174 614 1217 xumo
644 1174 719 1217 ac
747 1173 1043 1216 maxume
1075 1151 1204 1215 fido
1244 1151 1388 1234 sibi,
1414 1151 1713 1235 imperat,
1740 1152 1971 1236 preti0,
2010 1153 2203 1217 sicuti
2232 1154 2450 1218 multa

422 1240 811 1326 confecerat,
878 1239 1290 1304 insidiatores
1357 1237 1679 1304 Massivae
1741 1244 1928 1323 paret
1992 1262 2067 1306 ac
2139 1263 2449 1305 maxume

423 1329 701 1413 occulte,
756 1328 860 1394 sin
911 1328 978 1392 id
1031 1349 1263 1411 parum
1307 1328 1642 1412 procedat,
1697 1328 1941 1412 quovis·
1972 1330 2165 1393 modo
2213 1328 2450 1393 Numi-

352 1434 383 1482 5
421 1417 570 1481 dam
614 1416 981 1482 interficiat.
1054 1414 1384 1481 Bomilcar
1429 1419 1681 1481 mature
1727 1417 1902 1517 18818
1948 1417 2256 1481 mandata
2305 1438 2451 1481 exe-

423 1506 645 1590 quitur
709 1509 775 1571 et
834 1526 951 1588 per
1015 1502 1308 1568 homines
1377 1503 1530 1567 talis
1584 1504 1812 1588 negoti
1865 1504 2149 1569 artifices
2204 1505 2452 1569 itinera

422 1614 849 1680 egressusque
887 1592 1043 1674 81118,
1088 1594 1422 1674 postremo
1458 1592 1605 1656 loca
1641 1596 1837 1675 atque
1875 1597 2172 1676 tempora
2208 1597 2452 1658 cuncta

423 1680 734 1764 explorat.
825 1680 1078 1762 deinde,
1136 1678 1252 1743 ubi
1297 1701 1400 1743 res
1445 1679 1852 1780 postulabat,
1897 1680 2165 1745 insidias
2212 1681 2447 1745 tendit.

355 1786 386 1833 6
421 1768 629 1855 18115111
664 1789 830 1832 1111118
869 1788 947 1832 ex
983 1788 1060 1831 eo
1096 1788 1384 1851 numero,
1422 1768 1534 1849 qui
1571 1768 1652 1831 ad
1690 1768 1948 1833 caedem
1983 1767 2200 1852 parati
2237 1773 2447 1853 erant,

421 1856 616 1941 paulo
680 1855 1111 1922 inconsultius
1170 1818 1541 1920 Massivam
1586 1855 1981 1941 aggreditur.
2079 1855 2268 1920 illum
2333 1857 2449 1958 ob·

422 1949 703 2029 truncat,
750 1943 916 2008 sed
897 1965 1035 2027 lpse
1067 1943 1508 2026 deprehensus
1546 1944 1772 2008 multis
1808 1944 2226 2008 hortantibus
2264 1944 2449 2008 etin

354 2049 383 2095 7
422 2032 651 2116 primis
705 2031 947 2096 Albino
1004 2031 1266 2096 consule
1319 2029 1631 2095 indicium
1688 2032 2050 2132 profitetur.
2150 2032 2229 2096 fit
2292 2054 2446 2097 18118

424 2120 633 2204 magis
690 2141 767 2184 ex
821 2141 1025 2203 aequo
1072 2120 1371 2202 bonoque
1424 2140 1619 2201 quam
1667 2142 1745 2183 ex
1790 2120 1929 2185 iure
1976 2120 2270 2205 gentium
2316 2119 2447 2185 Bo-

423 2208 674 2292 milcar,
732 2229 943 2273 comes
990 2208 1155 2291 eius,
1201 2207 1313 2290 qui
1357 2206 1636 2271 Romam
1680 2207 1805 2272 fide
1851 2208 2112 2291 publica
2157 2213 2445 2273 venerat.

353 2313 385 2361 8
423 2299 494 2360 at
537 2295 860 2381 Iugurtha
904 2295 1287 2360 manifestus
1335 2295 1505 2379 tanti
1558 2296 1818 2360 sceleris
1872 2318 2004 2361 non
2054 2296 2236 2381 prius
2283 2296 2447 2360 omi-

423 2385 513 2449 sit
567 2388 795 2450 contra
838 2406 1063 2449 verum
1106 2384 1259 2467 111151,
1308 2404 1502 2467 quam
1547 2383 2011 2449 animadvortit
2056 2405 2254 2467 supra
2292 2405 2447 2484 8111.-

353 2491 384 2538 9
422 2473 586 2538 tiam
622 2477 816 2557 atque
852 2472 1193 2557 pecuniam
1230 2492 1414 2536 suam
1450 2471 1763 2535 invidiam
1796 2470 1961 2536 facti
1996 2494 2153 2536 esse.
2216 2472 2445 2557 18115111,

424 2583 816 2645 quamquam
864 2561 934 2623 in
976 2560 1192 2643 priore
1239 2559 1494 2623 actione
1550 2581 1628 2624 ex
1684 2559 1909 2624 amicis
1967 2560 2447 2645 quinquaginta

423 2650 617 2713 vades
681 2648 971 2730 dederat,
1042 2666 1244 2730 regno
1317 2647 1527 2731 magis
1603 2668 1799 2730 quam
1870 2648 2142 2712 vadibus
2214 2669 2446 2712 consu-

421 2737 562 2800 lens
610 2735 777 2800 clam
822 2735 893 2798 in
934 2733 1312 2799 Numidiam
1348 2733 1782 2800 Bomilcarem
1833 2736 2129 2819 dimittit,
2174 2735 2444 2818 verituS,

420 2845 501 2888 ne
547 2822 832 2906 reliquos
878 2821 1211 2907 popularis
1258 2827 1471 2887 metus
1518 2822 1851 2887 invaderet
1885 2823 2154 2907 parendi
2190 2823 2335 2907 sibi,
2381 2824 2444 2888 si

422 2912 498 2976 de
562 2910 679 2975 illo
744 2909 1173 2994 supplicium
1198 2914 1531 3011 sumptum
1589 2910 1776 2975 foret.
1877 2916 1944 2976 et
2008 2911 2150 2995 ipe
2212 2912 2443 2994 paucis

422 2999 648 3064 diebus
694 2998 918 3062 eodem
964 2997 1293 3081 profectus
1341 3002 1459 3082 8815,
1505 2999 1719 3089 11188118
1762 3021 1801 3064 a
1838 3004 2069 3064 senatu
2140 2999 2302 3063 talia
2339 3000 2447 3064 de-

322 3104 385 3153 10
425 3087 666 3152 cedere.
740 3086 850 3151 sed
885 3089 1235 3170 postquam
1272 3085 1484 3151 Roma
1520 3083 1818 3172 egressus
1856 3091 1976 3171 est,
2012 3086 2222 3152 fertur
2249 3108 2443 3171 saepe

423 3197 499 3240 eo
545 3173 786 3239 tacitus
823 3174 1172 3259 respiciens
1209 3178 1542 3258 postremo
1581 3175 1819 3240 dixisse
1859 3139 2111 3241 ‘urbem
2145 3175 2444 3241 venalem

423 3267 490 3328 et
534 3266 786 3328 mature
830 3262 1207 3363 perituram,
1253 3262 1311 3326 si
1356 3267 1717 3347 emptorem
1761 3247 2121 3328 invenerit?

317 3352 402 3418 36
554 3350 827 3415 Interim
871 3350 1150 3415 Albinus
1193 3353 1504 3416 renovato
1540 3350 1714 3416 bello
1754 3356 2164 3416 conmeatum
2202 3352 2445 3435 stipen-

422 3439 600 3505 dium
648 3438 928 3523 aliaque,
974 3460 1137 3522 quae
1183 3438 1506 3503 militibus
1551 3439 1697 3504 usui
1743 3439 1986 3522 forent,
2036 3443 2336 3505 maturat·
2374 3441 2441 3505 in

420 3525 713 3591 Africam
766 3531 1057 3612 portare3
1111 3548 1186 3592 ac
1241 3526 1470 3591 statim
1523 3526 1667 3610 ipse
1721 3526 2081 3612 profectus,
2139 3528 2242 3596 uti
2289 3533 2444 3594 ante
