2650 4059
641 266 927 322 BELLUM
965 266 1482 324 IUGURTHINUM
1519 286 1563 323 c.
1595 275 1820 325 75—79.
2148 272 2235 336 95

225 433 493 476 vorsum
533 434 723 496 quem
749 433 957 496 neque
993 413 1267 497 imperia
1294 412 1796 498 magistratuum
1822 435 2032 497 neque
2058 415 2237 501 leges

225 499 551 584 valerent3
611 500 680 565 ni
725 500 793 563 id
834 498 1203 585 festinaret,
1264 501 1338 565 in
1390 522 1645 567 summo
1699 500 1988 584 periculo
2053 524 2236 567 suam

227 587 528 671 salutem,
571 587 834 651 illorum
881 588 1091 653 socios
1136 588 1292 652 fore.
1357 610 1509 653 nam
1545 586 1878 672 Leptitani
1921 588 2054 653 iam
2089 590 2237 654 inde
2274 604 2307 652 2

195 697 267 739 ‘a
310 674 637 758 principio
682 675 839 739 belli
882 674 1257 760 Iugurthini
1313 675 1395 739 ad
1439 675 1732 740 Bestiam
1785 676 2113 741 consulem
2171 682 2238 741 et

224 765 460 846 postea
505 761 782 827 Romam
830 762 1144 827 miserant
1185 763 1543 828 amicitiam
1589 763 2093 848 societatemque
2139 786 2237 829 ro-

224 854 472 936 gatum.
540 850 765 914 deinde
810 850 925 914 ubi
972 873 1050 915 ea
1091 851 1461 935 impetrata,
1507 863 1761 935 s‘emper
1803 851 1960 916 boni
1993 852 2238 917 fideles·
2275 867 2306 914 3

225 958 350 1022 que
408 958 699 1002 mansere
754 942 823 1001 et
877 943 1111 1003 cuncta
1163 960 1203 1002 a
1255 938 1484 1003 Bestia
1544 938 1788 1004 Albino
1842 937 2236 1023 Metelloque

220 1025 549 1109 imperata
589 1047 753 1089 nave
795 1024 1100 1091 fecerant.
1189 1027 1410 1110 itaque
1467 1027 1549 1091 ab
1603 1027 1993 1110 imperatore
2046 1026 2235 1092 facile
2273 1043 2307 1089 4

223 1134 391 1197 quae
435 1102 750 1196 petebffn't
800 1113 1053 1197 adepti:
1112 1114 1385 1178 emissae
1444 1135 1520 1178 eo
1576 1113 1875 1179 cohortes
1921 1113 2237 1201 Ligurum

222 1204 542 1284 quattuor
585 1204 653 1264 et
697 1198 766 1265 O.
813 1199 1067 1266 Annius
1111 1201 1498 1286 praefectus.

355 1286 435 1351 Id
481 1288 788 1372 oppidum
834 1289 917 1352 ab
966 1286 1249 1354 Sidoniis
1297 1290 1630 1355 conditum
1675 1294 1802 1373 est,
1857 1312 2018 1374 quos
2064 1312 2236 1355 acce·
2258 1290 2340 1354 78

217 1377 440 1460 pimus
494 1374 808 1461 profugos
862 1376 946 1440 ob
1002 1376 1354 1441 discordias
1411 1377 1619 1443 civilis
1673 1377 1946 1442 navibus
2001 1378 2071 1442 in
2123 1399 2234 1442 eos

219 1464 406 1528 locos
451 1462 736 1547 venisse,
766 1467 1053 1529 ceterum
1090 1464 1288 1529 situm
1325 1465 1499 1529 inter
1533 1465 1691 1529 duas
1722 1463 1954 1548 Syrtis,
2001 1464 2233 1548 quibus

219 1572 465 1616 nomen
508 1572 588 1614 ex
631 1573 701 1615 re
746 1550 1042 1616 inditum.
1121 1574 1276 1617 nam
1320 1554 1447 1617 duo
1495 1556 1648 1616 sunt
1693 1552 1872 1617 sinus
1917 1573 2119 1635 prope
2165 1551 2235 1616 in
2272 1567 2304 1614 2

222 1643 517 1703 extrema
578 1638 834 1723 Africa,
905 1639 1164 1723 inpares
1228 1639 1707 1725 magnitudine,
1768 1639 1913 1723 pari
1973 1644 2234 1724 natura3

222 1747 502 1810 quorum
538 1748 854 1809 proxuma
895 1730 1108 1792 terrae
1151 1729 1446 1811 praealta
1491 1731 1661 1813 sunt,
1707 1731 1921 1792 cetera
1965 1727 2062 1792 uti
2097 1727 2233 1791 fors

221 1814 383 1879 tulit
429 1813 594 1899 alta,
639 1814 769 1879 alia
811 1814 881 1879 in
924 1818 1311 1898 tempestate
1356 1816 1612 1880 vadosa.
1701 1837 1853 1880 nam
1900 1816 2012 1879 ubi
2058 1836 2232 1880 mare
2269 1830 2303 1878 3

220 1921 536 1987 magnum
594 1923 734 1966 esse
789 1905 857 1966 et
909 1903 1155 1968 saevire
1209 1901 1422 1968 ventis
1479 1903 1719 1987 coepit,
1780 1903 2010 1967 limum
2053 1902 2234 1967 hare·

219 2011 503 2073 namque
557 1993 625 2053 et
678 2011 832 2054 saxa
891 1990 1185 2076 ingentia
1236 1990 1474 2055 fluctus
1529 1989 1824 2055 trahunt:
1886 1991 1982 2055 ita
2036 1990 2233 2055 facies

220 2078 519 2142 locorum
564 2098 710 2141 cum
754 2078 966 2142 ventis
1012 2077 1206 2143 simul
1254 2082 1562 2143 mutatur.
1634 2076 1860 2162 Syrtes
1898 2078 1978 2141 ab
2016 2082 2233 2143 tractu

220 2164 613 2230 nominatae.
704 2164 842 2229 eius
897 2165 1182 2248 civitatis
1239 2165 1467 2250 lingua
1521 2165 1712 2230 modo
1775 2186 2088 2230 convorsa
2132 2187 2233 2230 co·
2270 2182 2304 2228 4

219 2252 425 2318 nubio
464 2250 913 2336 Numidarum,
948 2253 1167 2338 legum
1201 2253 1541 2336 cultusque
1567 2253 1874 2336 pleraque
1904 2250 2232 2337 Sidonica3

224 2360 392 2424 quae
439 2360 517 2404 eo
560 2339 817 2404 facilius
862 2339 1257 2424 retinebant,
1318 2340 1491 2423 quod
1542 2339 1769 2423 procul
1823 2339 1905 2403 ab
1959 2339 2231 2422 imperio

222 2426 402 2513 regis
450 2430 731 2491 aetatem
777 2427 1073 2513 agebant.
1135 2428 1308 2492 inter
1351 2427 1500 2492 illos
1547 2430 1615 2490 et
1658 2426 2063 2510 frequentem
2099 2425 2231 2491 Nu·
2268 2443 2301 2491 ὅ

226 2514 498 2578 midiam
544 2515 736 2579 multi
778 2514 1077 2598 vastique
1121 2515 1249 2579 loci
1294 2518 1495 2579 erant.

361 2598 489 2666 Sed
548 2602 857 2686 quoniam
920 2602 989 2666 in
1042 2623 1151 2667 eas
1216 2602 1513 2688 regiones
1566 2624 1684 2687 per
1737 2600 2230 2685 Leptitanorum
2254 2602 2335 2666 79

221 2688 492 2775 negotia
517 2689 828 2773 venimus,
861 2711 994 2754 non
1020 2690 1357 2775 indignum
1385 2690 1640 2756 videtur
1667 2689 1999 2777 egregium
2035 2694 2230 2773 atque

223 2776 525 2841 mirabile
569 2776 819 2841 facinus
857 2777 1128 2842 duorum
1166 2776 1799 2864 Carthaginiensium
1844 2799 2230 2843 memorare:

223 2885 370 2929 eam
422 2885 562 2928 rem
612 2885 734 2929 nos
786 2864 968 2929 locus
1023 2865 1377 2930 admonuit.
1469 2886 1598 2948 qua
1643 2869 2033 2948 tempestate
2081 2863 2230 2930 Car·
2266 2882 2300 2930 2

223 2950 669 3037 thaginienses
712 2952 1017 3036 pleraque
1045 2951 1269 3016 Africa
1305 2952 1786 3036 imperitabant,
1832 2951 2230 3037 Cyrenenses

224 3059 483 3123 quoque
536 3039 757 3124 magni
810 3043 1004 3123 atque
1061 3039 1353 3123 opulenti
1407 3038 1604 3103 fuere.
1695 3059 1852 3124 ager
1904 3040 1973 3103 in
2017 3040 2228 3104 medio
2266 3056 2301 3104 3

222 3125 599 3210 harenosus,
643 3148 771 3190 una
807 3127 1044 3211 specie3
1087 3148 1294 3211 neque
1330 3127 1572 3192 flumen
1604 3147 1811 3211 neque
1847 3148 2035 3191 mons
2072 3131 2228 3209 erat,

224 3213 339 3297 qui
380 3212 532 3278 finis
577 3235 800 3278 eorum
845 3214 1251 3279 discerneret.
1344 3236 1508 3298 quae
1552 3235 1657 3278 res
1711 3235 1822 3279 eos
1877 3214 1947 3278 in
1990 3234 2227 3299 magno

223 3301 658 3385 diuturnoque
695 3301 867 3366 bello
906 3301 1076 3366 inter
1111 3324 1181 3368 se
1215 3302 1469 3370 habuit.
1510 3304 1861 3386 postquam
1901 3302 2226 3386 utrimque
2264 3318 2300 3365 4

222 3388 535 3474 legiones,
577 3388 738 3453 item
785 3388 1023 3454 classes
1062 3410 1251 3475 saepe
1287 3389 1470 3455 fusae
1505 3388 1896 3475 fugataeque
1934 3394 2000 3455 et
2036 3390 2228 3454 alteri

220 3476 467 3541 alteros
513 3475 918 3560 aliquantum
963 3475 1390 3564 adsstiYsskagb
1433 3476 1654 3560 veriti,
1697 3499 1779 3542 ne
1825 3499 1977 3543 mox
2020 3477 2229 3543 victos

219 3563 629 3647 victoresque
675 3562 960 3627 defessos
1015 3563 1179 3630 alius
1235 3565 1723 3652 aggrederetur,
1776 3586 1892 3650 per
1943 3564 2230 3630 indutias
