2650 4059
468 233 598 296 110
1128 230 1186 286 C.
1226 229 1569 285 SALLUSTI
1606 230 1839 285 CRISPI

391 392 428 441 4
464 399 610 441 rum
656 398 873 440 rerum
929 397 1005 440 ac
1060 397 1359 439 maxume
1404 375 1716 458 pecuniae
1762 374 2059 460 largitor.
2149 380 2351 459 atque
2397 378 2493 441 illi

462 465 860 530 felicissumo
910 463 1199 527 omnium
1248 467 1400 527 ante
1438 463 1697 527 civilem
1745 463 2091 527 victoriam
2134 486 2493 548 numquam

464 574 658 637 super
712 552 1104 617 industriam
1156 551 1425 615 fortuna
1488 549 1642 634 fuit,
1708 551 2028 635 multique
2093 552 2491 637 dubitavere,

462 640 699 705 fortior
745 663 829 705 an
872 639 1127 705 felicior
1171 644 1362 703 esset.
1426 661 1582 702 nam
1627 643 1859 722 postea
1904 661 2069 722 quae
2105 639 2358 725 fecerit,
2404 642 2492 705 in-

464 733 712 794 certum
757 728 969 792 habeo
1014 727 1257 810 pudeat
1303 749 1389 791 an
1431 727 1657 811 pigeat
1702 727 1914 812 magis
1961 728 2295 792 disserere.

239 892 241 895 y
358 816 443 881 96
597 816 813 901 Igitur
861 814 1068 899 Sulla,
1124 814 1225 879 uti
1282 836 1478 898 supra
1533 814 1782 880 dictum
1838 818 1964 899 est,
2022 820 2382 900 postquam
2428 818 2491 882 in

463 903 758 969 Africam
821 907 1019 987 atque
1082 903 1153 966 in
1211 907 1427 967 castra
1490 902 1661 965 Mari
1727 924 1875 967 cum
1939 903 2239 987 equitatu
2292 906 2493 990 venit,

464 993 643 1057 rudis
702 996 895 1056 antea
949 995 1017 1054 et
1062 990 1332 1076 ignarus
1388 991 1573 1074 belli,
1634 990 2149 1056 sollertissumus
2198 994 2493 1057 omnium

394 1096 427 1143 2
465 1080 535 1143 in
586 1079 811 1163 paucis
875 1079 1379 1162 tempestatibus
1435 1078 1649 1145 factus
1706 1084 1823 1143 est.
1917 1080 1999 1142 ad
2051 1080 2178 1144 hoc
2245 1081 2492 1146 milites

463 1168 742 1253 benigne
790 1167 1136 1251 appellare,
1181 1167 1408 1231 multis
1455 1166 1858 1252 rogantibus,
1906 1166 2051 1231 aliis
2087 1190 2206 1251 per
2244 1191 2314 1233 se
2348 1170 2493 1253 -ipse

464 1257 615 1320 dare
660 1255 987 1339 benificia,
1043 1255 1287 1319 invitus
1349 1255 1666 1339 accipere,
1727 1256 1842 1320 sed
1897 1277 1973 1319 ea
2025 1258 2492 1339 properantius

464 1366 659 1428 quam
714 1366 824 1408 aes
889 1347 1191 1408 mutuum
1253 1344 1546 1427 reddere,
1612 1342 1753 1427 ipse
1808 1343 1891 1407 ab
1936 1343 2119 1407 nullo
2175 1349 2493 1431 repetere,

464 1433 675 1518 magis
712 1432 778 1496 id
815 1431 1131 1515 laborare,
1167 1435 1245 1495 ut
1280 1431 1382 1495 illi
1420 1453 1617 1515 quam
1651 1431 1940 1515 plurumi
1976 1432 2310 1516 deberent,
2349 1434 2494 1499 ioca

396 1536 427 1584 3
468 1526 664 1605 atque
702 1519 871 1584 seria
908 1542 1055 1585 cum
1091 1519 1499 1583 humillumis
1539 1539 1750 1604 agere,
1795 1519 1866 1583 in
1903 1520 2228 1604 operibus,
2275 1520 2350 1585 in
2388 1544 2492 1607 ag·

464 1609 638 1674 mine
683 1613 879 1691 atque
926 1609 1007 1671 ad
1053 1607 1311 1693 vigilias
1359 1608 1605 1672 multus
1653 1608 1904 1691 adesse,
1948 1629 2158 1691 neque
2203 1608 2491 1693 interim,

465 1697 638 1780 quod
699 1717 901 1779 prava
966 1694 1239 1760 ambitio
1306 1695 1501 1779 solet,
1571 1695 1855 1759 consulis
1923 1698 2039 1759 aut
2102 1695 2490 1780 cuiusquam

463 1784 619 1849 boni
667 1783 909 1847 famam
953 1783 1225 1867 laedere,
1273 1787 1534 1847 tantum
1580 1784 1773 1847 modo
1818 1805 2029 1867 neque
2068 1784 2347 1849 consilio
2386 1808 2490 1851 nee

464 1894 589 1956 que
635 1894 833 1935 manu
876 1872 1162 1955 priorem
1218 1871 1421 1935 alium
1465 1870 1637 1955 pati,
1691 1870 2038 1954 plerosque
2093 1874 2486 1938 antevenire.

392 1976 426 2023 4
465 1961 699 2044 quibus
746 1960 940 2024 rebus
988 1963 1057 2023 et
1102 1959 1356 2024 artibus
1403 1959 1586 2024 brevi
1630 1957 1842 2023 Mario
1889 1959 2345 2044 militibusque
2394 1984 2490 2027 ca·

462 2048 777 2113 rissumus
824 2047 1055 2112 factus.

357 2136 440 2200 97
637 2134 733 2200 At
768 2134 1107 2221 Iugurtha,
1142 2138 1495 2220 postquam
1533 2135 1843 2219 oppidum
1873 2133 2153 2219 Capsam
2190 2135 2489 2220 aliosque

461 2225 643 2289 locos
690 2224 978 2289 munitos
1035 2229 1102 2288 et
1158 2224 1284 2288 sibi
1341 2222 1523 2286 utilis
1581 2222 1775 2287 simul
1831 2226 1899 2287 et
1943 2244 2250 2308 magnam
2299 2248 2490 2308 pecu-

461 2313 638 2377 niam
685 2313 1010 2396 amiserat,
1057 2312 1137 2376 ad
1177 2312 1512 2376 Bocchum
1545 2311 1812 2375 nuntios
1859 2310 2070 2375 misit:
2116 2333 2316 2394 quam
2362 2314 2489 2397 pri-

463 2424 642 2466 mum
687 2401 757 2465 in
801 2400 1181 2465 Numidiam
1238 2400 1459 2483 copias
1507 2398 1877 2463 adduceret:
1931 2399 2140 2483 proeli
2195 2400 2488 2467 faciundi

394 2505 425 2553 2
463 2495 720 2574 tempus
768 2489 1009 2554 adesse.
1076 2511 1269 2572 quem
1312 2487 1429 2552 ubi
1475 2487 1766 2552 cunctari
1811 2486 2063 2570 accepit
2109 2492 2176 2551 et
2214 2489 2488 2554 dubium
2616 2479 2617 2522 ³

461 2579 619 2643 belli
666 2581 860 2660 atque
914 2577 1095 2660 pacis
1152 2575 1438 2640 rationes
1495 2575 1779 2659 trahere,
1843 2597 2067 2639 rursus
2125 2576 2229 2640 uti
2294 2581 2489 2642 antea

391 2730 395 2734 .
462 2685 814 2749 proxumos
879 2664 1017 2727 eius
1072 2663 1258 2726 donis
1316 2663 1643 2747 conrupit,
1704 2662 1960 2748 ipsique
2005 2662 2235 2728 Mauro
2297 2666 2488 2748 polli-

465 2757 647 2817 cetur
682 2750 1027 2815 Numidiae
1065 2755 1320 2834 partem
1358 2751 1641 2834 tertiam,
1686 2751 1743 2815 si
1789 2755 1903 2815 aut
1938 2750 2221 2815 Romani
2258 2751 2490 2832 Africa

463 2839 715 2924 expulsi
769 2841 886 2901 aut
940 2838 1214 2923 integris
1276 2839 1411 2903 suis
1465 2840 1704 2903 finibus
1758 2839 2005 2903 bellum
2069 2841 2488 2924 conpositum

393 2944 424 2992 3
461 2928 651 2992 foret.
716 2948 793 2990 eo
838 2927 1128 3010 praemio
1174 2927 1452 2993 inlectus
1499 2927 1795 2992 Bocchus
1827 2950 1990 2991 cum
2035 2949 2278 3013 magna
2325 2931 2487 2995 mul·

464 3014 742 3081 titudine
788 3014 1179 3100 Iugurtham
1225 3015 1498 3092 adcedit.

594 3104 699 3169 Ita
748 3103 1088 3167 amborum
1135 3105 1440 3169 exercitu
1478 3103 1822 3168 coniuncto
1869 3101 2170 3187 Marium,
2225 3103 2363 3170 iam
2419 3107 2490 3171 in

461 3192 737 3258 hiberna
780 3191 1320 3276 proficiscentem,
1366 3192 1475 3256 vix
1520 3192 1788 3256 decuma
1840 3195 2026 3274 parte
2081 3190 2185 3255 die
2232 3193 2488 3278 reliqua

463 3280 794 3364 invadunt,
839 3280 969 3344 rati
1011 3283 1291 3363 noctem,
1339 3301 1501 3363 quae
1546 3279 1679 3342 iam
1725 3279 1964 3363 aderat,
2011 3283 2079 3343 et
2114 3279 2311 3345 victis
2361 3282 2491 3348 sibi
2616 3353 2617 3358 γ

464 3369 867 3436 munimento
921 3367 1062 3431 fore
1128 3371 1221 3451 et,
1282 3367 1340 3432 si
1398 3367 1733 3451 vicissent,
1794 3367 1976 3432 nullo
2021 3368 2490 3458 inpedimento,
2610 3397 2617 3406 ⁴

466 3457 619 3541 quia
662 3457 956 3522 locorum
1003 3455 1281 3520 scientes
1331 3459 1542 3538 erant,
1603 3459 1831 3519 contra
1874 3454 1936 3519 R
2032 3457 2191 3520 ‘anis
2237 3463 2490 3526 utrum·

391 3559 428 3608 4
465 3567 587 3628 que
635 3566 856 3610 casum
900 3543 971 3608 in
1015 3544 1303 3607 tenebris
1351 3543 1786 3608 difficiliorem
1821 3543 1977 3608 fore.
2042 3544 2252 3629 igitur
2290 3547 2489 3613 simul
