2650 4059
388 291 392 295 ’
448 261 577 326 130
1106 258 1163 316 C.
1202 257 1543 313 SALLUSTI
1581 257 1811 315 CRISPI

443 405 847 471 Mithridatis
886 405 1166 488 aluntur,
1210 402 1592 468 Macedonia
1625 403 1819 487 plena
1861 403 2153 467 hostium
2197 408 2304 467 est
2348 425 2470 468 nec

444 494 658 559 minus
697 492 928 559 Italiae
967 492 1317 557 marituma
1364 496 1432 555 et
1466 490 1965 574 provinciarum,
2011 513 2158 556 cum
2195 491 2468 555 interim

444 581 793 667 vectigalia
818 603 1020 665 parva
1056 584 1121 644 et
1147 578 1340 644 bellis
1376 579 1626 643 incerta
1651 578 1761 642 vix
1795 583 2053 663 partem
2081 582 2469 663 sumptuum

447 670 797 735 sustinent:
840 669 938 733 ita
974 670 1198 751 classe,
1236 689 1401 755 quae
1438 669 1815 732 conmeatus
1843 667 2166 751 tuebatur,
2210 667 2468 732 minore

377 774 409 821 8
449 771 654 843 quam·
697 761 890 822 antea
940 756 1341 842 navigamus.
1438 754 1600 819 haec
1655 753 1712 818 si
1774 753 1936 820 dolo·
1983 758 2097 819 aut
2164 755 2469 820 socordia

446 850 675 911 nostra
711 848 1051 911 contracta
1087 847 1257 926 sunt,
1295 843 1490 928 agite,
1535 845 1612 906 ut
1648 845 1870 906 monet
1905 842 2021 926 ira,
2067 843 2468 926 supplicium

449 934 712 999 sumite:
758 933 863 998 sin
895 933 1162 997 fortuna
1198 930 1558 996 communis
1597 929 1889 1013 asperior
1924 933 2042 1014 est,
2089 951 2218 1014 qua
2263 953 2335 996 re
2373 931 2456 996 in·

448 1023 645 1109 digna
688 1021 874 1087 vobis
916 1019 1236 1104 nobisque
1281 1022 1350 1083 et
1393 1040 1463 1088 re
1503 1017 1767 1101 publica
1810 1017 2142 1102 incipitis?

377 1125 409 1173 9
580 1109 800 1193 Atque
846 1129 988 1194 ego,
1034 1108 1216 1173 cuius
1264 1106 1468 1172 aetati
1503 1127 1679 1170 mors
1716 1105 1984 1189 propior
2019 1110 2138 1190 est,
2179 1127 2318 1171 non
2363 1107 2466 1171 de-

446 1219 694 1283 precor,
731 1197 790 1262 si
817 1197 972 1281 quid
1000 1218 1077 1261 ea
1102 1195 1288 1261 vobis
1315 1194 1710 1259 incommodi
1729 1193 2041 1278 demitur,
2074 1215 2285 1278 neque
2313 1217 2468 1259 mox
2524 1239 2529 1244 ·
2614 1187 2615 1218 l

446 1285 710 1371 ingenio
736 1373 749 1386 .
767 1284 1056 1370 corporis
1086 1372 1099 1385 .
1119 1283 1458 1348 honestius
1525 1303 1721 1366 quam
1781 1303 1901 1365 pro
1964 1285 2187 1347 vostra
2251 1283 2466 1384 salute

347 1390 410 1437 ¹⁰
447 1374 645 1554 3²33?
669 1377 862 1546 232ssss
905 1374 1189 1526 5333,
1230 1371 1490 1544 αέῗῗῗέ
1523 1367 2247 1524 {311332‘222220333233
2278 1370 2468 1523 ἔὲἕζῗ

452 1564 574 1635 q'ue
634 1572 737 1615 me
781 1571 902 1634 pro
948 1571 1018 1614 re
1062 1547 1341 1632 publica.
1433 1568 1629 1630 quam
1682 1545 1910 1610 deinde
1966 1545 2070 1611 cui
2123 1547 2468 1631 mandetis,
2524 1581 2529 1585 -
2614 1577 2615 1582 κ

348 1654 408 1701 11
451 1637 957 1721 circumspicite;
999 1658 1153 1700 nam
1198 1636 1400 1700 talem
1435 1635 1750 1699 honerem
1786 1633 1995 1699 bonus
2029 1656 2223 1699 nemo
2269 1635 2467 1718 volet,

451 1747 598 1791 cum
642 1725 942 1790 fortunae
988 1729 1055 1788 et
1101 1723 1300 1788 maris
1348 1725 1415 1786 et
1451 1721 1610 1787 belli
1647 1721 1728 1786 ab
1767 1722 1915 1787 aliis
1953 1723 2084 1787 acti
2120 1722 2292 1787 ratio
2329 1724 2468 1787 red-

349 1829 411 1876 12
450 1814 664 1878 dunda
708 1816 824 1877 aut
869 1812 1149 1896 turpiter
1195 1810 1608 1875 moriundum
1652 1809 1757 1874 sit.
1848 1813 2108 1875 tantum
2157 1811 2351 1875 modo
2398 1811 2470 1876 in

451 1901 683 1965 animis
727 1900 1039 1965 habetote
1082 1921 1216 1963 non
1251 1920 1355 1962 me
1402 1897 1485 1991 ol)
1535 1898 1744 1967 scelus
1790 1902 1905 1964 aut
1949 1898 2295 1963 avaritiam
2332 1921 2470 1964 cae-

452 2011 614 2072 sum,
649 1989 760 2053 sed
787 1988 1113 2053 volentem
1139 2008 1260 2070 pro
1288 1985 1610 2050 maxumis
1638 1985 1954 2051 benificiis
1985 1986 2270 2051 animam
2297 1988 2470 2052 dono

350 2093 413 2141 13
452 2077 720 2142 dedisse.
792 2097 909 2160 per
952 2097 1086 2159 vos,
1135 2074 1444 2158 Quirites,
1490 2077 1559 2145 et>
1602 2073 1879 2158 gloriam
1924 2074 2262 2160 maiorum,
2309 2076 2470 2141 tole-

352 2181 416 2229 14
452 2167 594 2230 rate
651 2165 927 2237 advorsa
985 2167 1052 2228 et
1106 2162 1424 2228 consulite
1479 2161 1574 2225 rei
1626 2162 1942 2244 publicae.
2042 2163 2252 2227 multa
2316 2184 2469 2228 cura

452 2269 705 2317 summo
719 2237 1023 2337 ‘imperio
1077 2251 1277 2334 inest,
1341 2248 1533 2313 multi
1592 2248 1892 2334 ingentes
1950 2249 2238 2332 labores,
2303 2272 2469 2335 quos

339 2401 345 2406 .
450 2341 846 2425 nequiquam
874 2339 1161 2405 abnuitis
1199 2342 1266 2402 et
1300 2337 1480 2421 pacis
1520 2336 1921 2419 opulentiam
1950 2338 2283 2423 quaeritis,
2322 2360 2470 2403 cum

454 2450 676 2494 omnes
721 2428 1089 2512 provinciae
1135 2446 1362 2512 regna,
1419 2424 1624 2488 maria
1678 2428 2015 2509 terraeque
2069 2448 2303 2509 aspera
2357 2430 2470 2491 aut

450 2516 625 2582 fessa
668 2516 860 2582 bellis
906 2514 1080 2580 sint?

765 2814 1123 2892 [EPISTULA
1172 2827 1281 2875 cn.
1327 2827 1591 2876 Pomm
1637 2829 1732 2876 An
1778 2814 2150 2893 samium]

386 3059 411 3106 1
585 3039 683 3106 ‘Si
721 3041 1032 3105 advorsus
1060 3061 1177 3104 vos
1204 3037 1615 3123 patriamque
1653 3043 1720 3104 et
1757 3040 1909 3105 deos
1946 3040 2203 3124 penatis
2222 3043 2348 3106 'tot
2383 3041 2468 3105 la·

450 3131 642 3194 bores
679 3132 745 3193 et
779 3128 1067 3212 pericula
1103 3128 1550 3211 suscepissem,
1597 3128 1897 3211 quotiens
1934 3150 1974 3193 a
2007 3129 2223 3211 prima
2259 3129 2471 3193 adule-
2555 3159 2562 3169 ·

452 3217 702 3283 scentia
719 3218 916 3281 ductu
938 3238 1081 3283 meo
1103 3215 1569 3301 scelestissumi
1596 3216 1820 3280 hostes
1840 3215 1971 3280 fusi
1998 3220 2066 3280 et
2083 3216 2273 3281 vobis
2293 3217 2469 3281 salus

451 3305 747 3389 quaesita
774 3308 893 3387 est,
928 3304 1094 3368 nihil
1131 3303 1411 3388 amplius
1447 3303 1518 3367 in
1545 3304 1882 3368 absentem
1917 3325 2020 3368 me
2051 3303 2469 3388 statuissetis,

452 3415 647 3477 quam
682 3391 891 3457 adhuc
919 3391 1137 3477 agitis,
1171 3395 1393 3475 patres
1423 3391 1794 3476 conscripti,
1818 3413 2014 3478 quem
2042 3395 2273 3457 contra
2299 3398 2469 3457 aeta-

449 3486 587 3545 tem
637 3480 1001 3565 proiectum
1055 3480 1136 3543 ad
1183 3479 1427 3543 bellum
1474 3480 1942 3543 saevissumum
1988 3501 2136 3543 cum
2181 3481 2469 3546 exercitu

451 3571 716 3652 optume
743 3567 997 3651 merit0,
1035 3570 1353 3650 quantum
1391 3570 1492 3630 est
1527 3566 1598 3629 in
1621 3567 1829 3651 vobis,
1865 3567 2055 3651 fame,
2083 3567 2469 3633 miserruma
