2650 4059
425 250 512 315 36
1096 248 1150 303 C.
1192 247 1535 304 SALLUSTI
1570 246 1801 302 CRISPI

427 399 684 460 vocant.
784 394 948 460 Cato
1005 395 1217 459 clarus
1274 397 1470 476 atque
1525 413 1800 477 magnus
1859 391 2164 455 habetur:
2230 391 2442 455 senati

429 485 761 548 decretum
805 484 909 564 fit,
955 482 1149 564 sicuti
1194 482 1304 545 ille
1352 485 1706 546 censuerat.

359 590 391 633 ν,
563 569 690 636 Sed
735 570 897 634 mihi
942 571 1152 634 multa
1195 569 1442 654 legenti
1487 568 1695 632 multa
1749 566 2064 650 audienti,
2120 588 2284 651 quae
2332 589 2444 650 po-

426 660 620 743 pulus
675 659 1007 723 Romanus
1072 657 1248 721 domi
1310 656 1710 740 militiaeque
1774 655 1940 719 mari
2003 659 2198 738 atque
2263 658 2443 719 terra

426 747 763 831 praeclara
806 746 1096 810 facinora
1140 744 1322 827 fecit,
1367 744 1538 809 forte
1583 743 1798 808 lubuit
1852 744 2213 826 attendere,
2274 763 2441 826 quae

358 851 389 897 3
428 857 531 899 res
569 855 866 899 maxume
904 836 1091 897 tanta
1124 833 1392 916 negotia
1428 831 1860 896 sustinuisset.
1935 830 2218 895 sciebam
2248 852 2443 914 saepe

428 923 697 987 numero
750 943 951 1006 parva
1003 942 1198 984 manu
1244 942 1392 985 cum
1436 919 1692 1004 magnis
1737 918 2103 1004 legionibus
2148 917 2444 982 hostium

431 1010 867 1092 contendisse3
904 1029 1332 1093 cognoveram
1367 1007 1584 1092 parvis
1624 1006 1827 1089 copiis
1864 1006 2038 1070 bella
2073 1010 2265 1090 gesta
2292 1028 2444 1071 cum

432 1097 756 1181 opulentis
812 1096 1102 1180 regibus,
1157 1097 1238 1159 ad
1291 1096 1417 1160 hoc
1470 1117 1661 1177 saepe
1715 1094 2015 1159 fortunae
2060 1094 2444 1158 violentiam

431 1185 828 1267 toleravisse,
873 1183 1174 1247 facundia
1219 1181 1520 1266 GraecOS,
1566 1182 1778 1266 gloria
1827 1182 1985 1245 belli
2024 1180 2249 1245 Gallos
2287 1186 2443 1246 ante

361 1287 394 1334 4
431 1272 759 1337 Romanos
814 1271 1031 1336 fuisse.
1131 1293 1205 1336 ac
1258 1270 1420 1334 mihi
1475 1270 1683 1333 multa
1747 1269 2029 1354 agitanti
2093 1270 2444 1334 constabat

429 1382 782 1445 paucorum
820 1360 1057 1424 civium
1094 1359 1425 1444 egregiam
1460 1357 1771 1422 virtutem
1800 1361 2033 1447 cuncta
2058 1357 2443 1440 patravisse,

431 1471 633 1532 eoque
696 1448 967 1530 factum,
1026 1446 1125 1510 uti
1189 1446 1449 1510 divitias
1512 1449 1888 1528 paupertas,
1954 1445 2443 1510 multitudinem

361 1551 392 1599 5
429 1537 723 1620 paucitas
770 1537 1120 1617 superaret.
1212 1535 1324 1598 sed
1368 1537 1715 1616 postquam
1760 1534 1917 1597 luxu
1961 1537 2156 1617 atque
2194 1533 2445 1598 desidia

432 1624 661 1690 civitas
717 1624 1034 1704 conrupta
1087 1624 1215 1705 est,
1268 1643 1493 1686 rursus
1538 1643 1640 1685 res
1685 1621 1948 1704 publica
1992 1621 2444 1707 magnitudine

431 1731 550 1776 sua
610 1711 1074 1793 imperatorum
1141 1713 1336 1792 atque
1399 1709 1900 1794 magistratuum
1965 1709 2127 1772 vitia
2192 1713 2447 1773 susten-

432 1799 618 1862 tabat
663 1819 739 1862 ac
751 1848 768 1879 ,
814 1796 1008 1862 sicuti
1053 1796 1247 1861 effeta
1297 1801 1592 1880 parente,
1647 1797 1872 1861 multis
1936 1796 2444 1881 tempestatibus

428 1887 603 1950 haud
674 1906 826 1948 sane
901 1884 1242 1968 quisquam
1314 1884 1560 1949 Romae
1632 1884 1874 1949 virtute
1946 1904 2223 1969 magnus
2296 1884 2443 1949 fuit.

361 1992 394 2039 6
433 1974 546 2038 sed
608 1972 921 2037 memoria
983 1995 1128 2037 mea
1188 1972 1441 2058 ingenti
1484 1972 1754 2054 virtute,
1818 1972 2092 2038 divorsis
2147 1973 2444 2048 moribus

430 2060 610 2125 fuere
654 2059 777 2124 viri
823 2062 968 2144 duo,
1014 2060 1100 2124 M.
1148 2059 1311 2126 Cato
1360 2063 1428 2124 et
1475 2058 1542 2125 G.
1590 2058 1845 2125 Caesar.
1930 2081 2092 2146 quos
2131 2061 2445 2145 quoniam

430 2169 532 2212 res
591 2148 942 2232 obtulerat,
997 2148 1255 2213 silentio
1310 2148 1662 2232 praeterire
1715 2170 1848 2213 non
1899 2148 2028 2212 fuit
2078 2148 2445 2231 consilium,

433 2235 591 2320 quin
641 2236 978 2319 utriusque
1031 2240 1334 2301 naturam
1389 2239 1455 2299 et
1508 2257 1722 2301 mores
1733 2286 1750 2319 ,
1806 2241 2119 2320 quantum
2176 2237 2443 2322 ingenio

328 2325 414 2389 54
434 2346 720 2409 possum,
780 2324 1113 2407 aperirem.
1203 2323 1409 2408 igitur
1453 2323 1545 2387 eis
1592 2343 1796 2408 genus
1843 2329 2021 2389 aetas
2069 2325 2445 2408 eloquentia

362 2517 395 2563 2
431 2410 1188 2566 Essffpssiaaefflfissfiacflffss}
1216 2411 2445 2586 ἴθᾜῗὲῗὲἒῗῷῗᾷἕὲῖἓηῖἓίωωῗὲἑῖἲ

431 2588 812 2670 habebatur,
856 2587 1242 2670 integritate
1287 2586 1460 2650 vitae
1508 2585 1689 2652 Cato.
1781 2587 1891 2652 ille
1945 2589 2444 2664 mansuetudine

434 2680 500 2739 et
535 2674 977 2739 misericordia
1013 2672 1225 2736 clarus
1263 2672 1493 2756 factus,
1528 2674 1680 2739 huic
1714 2675 2024 2740 severitas
2052 2676 2447 2761 dignitatem

361 2778 395 2825 3
435 2762 781 2825 addiderat.
856 2759 1094 2825 Caesar
1131 2760 1340 2825 dando
1379 2761 1774 2827 sublevando
1811 2762 2233 2849 ignoscund0,
2273 2762 2445 2830 Cato

432 2848 596 2911 nihil
640 2848 982 2932 largiundo
1020 2847 1298 2934 gloriam
1337 2849 1607 2934 adeptus
1646 2854 1763 2915 est.
1834 2851 1905 2914 in
1941 2852 2147 2917 altero
2184 2851 2445 2918 miseris

433 2934 800 3019 perfugium
846 2940 1004 3019 erat,
1046 2936 1118 3000 in
1162 2936 1369 3001 altero
1416 2931 1634 3002 malis‘
1651 2938 1985 3021 pernicies.
2074 2939 2251 3004 illius
2288 2939 2448 3007 faci-

362 3040 397 3088 4
434 3024 616 3104 litae,
669 3021 862 3085 huius
909 3025 1277 3089 constantia
1331 3026 1735 3090 laudabatur.
1825 3032 2155 3111 postremo
2202 3025 2449 3095 Caesar

433 3112 502 3175 in
547 3109 834 3174 animum
879 3109 1219 3175 induxerat
1263 3112 1561 3178 laborare
1607 3114 1907 3200 vigilare3
1954 3114 2238 3200 negotiis
2285 3120 2448 3183 ami-

434 3219 658 3263 corum
710 3196 1002 3261 intentus
1058 3219 1176 3262 sua
1225 3200 1596 3285 neglegere,
1648 3203 1815 3267 nihil
1870 3204 2214 3289 denegare,
2268 3210 2450 3289 quod

434 3287 602 3351 dono
649 3285 916 3370 dignum
953 3289 1151 3370 esset3
1196 3286 1322 3350 sibi
1360 3309 1668 3376 magnum
1705 3289 2051 3374 imperium
2087 3292 2448 3360 exercitum

432 3374 676 3439 bellum
718 3394 956 3438 novom
1003 3374 1373 3458 exoptabat,
1419 3376 1532 3439 ubi
1567 3377 1776 3442 virtus
1813 3379 2164 3446 enitescere
2198 3391 2448 3465 posset.

364 3477 396 3525 ⁶
435 3464 505 3525 at
550 3459 786 3526 Catoni
833 3462 1120 3526 studium
1165 3462 1521 3527 modestiae
1566 3463 1816 3530 decoris
1863 3469 1975 3532 sed
2012 3490 2309 3533 maxume
2350 3492 2450 3537 se-

362 3565 396 3613 6
434 3547 729 3614 veritatis
776 3554 941 3635 erat3
993 3571 1126 3613 non
1180 3549 1425 3615 divitiis
1473 3572 1620 3616 cum
1665 3553 1863 3618 divite
1906 3576 2115 3640 neque
2159 3555 2448 3625 factione
