2650 4059
552 196 654 252 Ex
686 195 1048 253 HISTORIIS
1086 196 1199 252 ΟΒ.
1237 196 1494 251 LEPIDI.
1569 197 1680 253 ΟΒ.
1716 196 2044 276 PHILIPPI.
2184 198 2313 263 125

287 341 514 427 factis,
571 362 766 443 quam
819 340 1207 405 formidatus
1255 344 1384 425 est,
1441 345 1581 406 tam
1628 345 2093 407 contemnetur.
2181 342 2314 407 nisi

290 430 465 495 forte
513 429 727 514 specie
772 429 1151 494 concordiae
1189 432 1257 493 et
1292 429 1493 514 pacis,
1539 451 1703 513 quae
1741 429 1971 495 sceleri
2008 433 2075 495 et
2109 430 2314 515 parri-

294 518 465 583 cidio
513 539 631 583 suo
676 517 943 582 nomina
984 516 1240 581 indidit.
1309 539 1517 601 neque
1565 518 1755 582 aliter
1799 540 1938 582 rem
1980 519 2313 603 publicam

294 610 366 671 et
406 605 567 670 belli
612 605 807 669 finem
853 605 975 689 ait,
1025 604 1156 669 nisi
1200 608 1464 669 maneat
1518 606 1786 690 expulsa
1839 606 2015 692 agris
2070 607 2313 691 plebes,

294 694 539 795 praeda
594 692 802 759 civilis
856 715 898 757 a
941 693 1145 758 servis
1201 696 1489 778 sumpta,
1542 693 1644 758 ius
1698 694 2135 778 iudiciumque
2182 717 2314 761 om-

294 782 480 846 nium
522 803 741 846 rerum
785 803 982 865 penes
1021 802 1108 865 se,
1155 782 1326 865 quod
1360 781 1588 866 populi
1614 781 1896 847 Romani
1929 782 2074 847 11111.
2148 805 2313 867 quae
2351 799 2418 849 25

299 870 359 934 si
402 870 588 934 vobis
634 891 763 953 pax
808 872 875 933 et
916 869 1257 952 conposita
1300 868 1788 971 intelleguntur,
1832 892 2140 935 maxuma
2182 875 2316 934 tur·

296 959 608 1022 bamenta
661 957 759 1022 rei
815 957 1114 1041 publicae
1165 960 1372 1040 611166
1431 958 1630 1023 exitia
1691 959 1996 1042 probate,
2038 951 2314 1023 adnuite

298 1046 554 1130 legibus
598 1045 930 1129 inpositis,
985 1045 1259 1129 accipite
1314 1044 1523 1110 otium
1569 1068 1717 1111 cum
1761 1046 2028 1112 servitio
2075 1052 2143 1111 et
2187 1051 2316 1112 tra-

300 1134 438 1197 dite
465 1134 848 1235 ‘exemplum
892 1133 1175 1220 posteris
1214 1132 1295 1197 ad
1331 1155 1469 1197 rem
1513 1134 1844 1218 publicam
1889 1136 2130 1200 suimet
2175 1158 2316 1200 san-

299 1221 518 1307 guinis
590 1222 879 1285 mercede
953 1221 1603 1286 circumveniundam.
1692 1222 1856 1285 mihi
1919 1244 2315 1307 quamquam
2352 1239 2417 1287 26

298 1331 417 1394 per
459 1309 588 1373 hoc
633 1330 957 1373 summum
1001 1308 1347 1392 imperium
1395 1309 1556 1373 satis
1604 1309 1972 1393 quaesitum
2018 1315 2162 1376 erat
2204 1332 2315 1374 no-

299 1396 464 1461 mini
508 1397 846 1481 maiorum,
892 1396 1201 1498 dignitati
1237 1401 1433 1481 atque
1472 1396 1671 1461 etiam
1705 1397 2050 1480 praesidio,
2095 1403 2316 1463 tamen

295 1507 433 1550 non
465 1484 596 1549 fuit
631 1485 973 1550 consilium
1009 1485 1298 1569 privatas
1338 1506 1494 1569 opes
1528 1484 1761 1570 facere,
1795 1485 2140 1569 potiorque
2175 1485 2316 1549 visa

301 1576 404 1638 est
457 1572 823 1658 periculosa
864 1574 1139 1637 libertas
1193 1573 1417 1657 quieto
1474 1573 1758 1638 servitio.
1851 1595 2014 1657 quae
2061 1573 2118 1638 61
2169 1595 2316 1659 pro·
2353 1590 2415 1637 27

298 1661 504 1745 batis,
558 1661 805 1746 adeste,
860 1660 1173 1744 Quirites,
1237 1664 1304 1725 61
1367 1662 1530 1726 16116
1587 1660 1963 1727 iuvantibus
2018 1662 2181 1727 divis
2227 1660 2315 1726 M.

298 1749 657 1815 Aemilium
702 1750 1033 1814 consulem
1079 1750 1304 1813 ducem
1348 1752 1417 1813 61
1463 1754 1796 1815 auctorem
1841 1750 2190 1834 sequimini
2235 1750 2316 1815 ad

299 1838 743 1922 recipiundam
787 1835 1204 1902 libertatem?
2157 1867 2162 1872 ·

755 2138 1040 2217 [omi-10
1085 2152 1389 2200 PHILIPPI
1433 2153 1509 2200 m
1555 2139 1872 2218 sunum]

436 2364 762 2430 Maxume
814 2364 1065 2449 vellem,
1108 2368 1328 2448 patres
1375 2363 1756 2448 conscripti,
1806 2385 1944 2428 rem
1987 2364 2318 2447 publicam
2358 2382 2386 2430 1

304 2455 596 2540 quietam
634 2475 774 2518 esse
820 2457 934 2517 aut
976 2453 1047 2517 in
1089 2450 1396 2536 periculis
1436 2474 1474 2515 a
1509 2452 2023 2535 promptissumo
2063 2473 2363 2534 quoque
2374 2481 2379 2485 ·

304 2542 580 2626 defendi,
607 2541 878 2625 denique
901 2562 1103 2624 prava
1128 2541 1389 2624 incepta
1416 2540 1899 2605 consultoribus
1926 2561 2132 2604 noxae
2161 2561 2320 2605 esse.

303 2631 420 2696 sed
464 2594 692 2711 6611116
737 2629 1165 2694 seditionibus
1211 2628 1430 2694 omnia
1473 2629 1740 2694 turbata
1785 2633 1937 2693 sunt
1983 2632 2050 2693 et
2087 2629 2170 2693 ab
2208 2628 2321 2713 eis,

304 2739 470 2804 quos
523 2718 869 2801 prohibere
923 2717 1135 2803 magis
1188 2716 1485 2801 decebat,
1546 2721 1881 2801 postremo
1889 2768 1908 2803 ‚
1963 2739 2128 2801 quae
2181 2739 2322 2801 pes-

305 2806 479 2872 sumi
516 2810 584 2869 et
611 2805 1009 2870 stultissumi
1053 2802 1409 2889 decrevere,
1455 2826 1532 2869 ea
1566 2805 1756 2870 bonis
1803 2809 1871 2869 et
1917 2806 2321 2889 sapientibus

297 2881 608 2959 faciunda
653 2897 822 2958 sunt.
909 2915 1064 2958 nam
1110 2893 1355 2957 bellum
1412 2896 1610 2976 atque
1665 2913 1873 2977 611116,
1929 2915 2322 2977 quamquam
2358 2910 2389 2957 2

300 2981 539 3048 vobis
520 2982 748 3065 mvisa‚
775 2985 1012 3066 1616611,
1041 2981 1194 3065 quia
1218 2978 1464 3063 Lepido
1490 2980 1769 3064 placent,
1807 2980 2124 3044 sumunda
2152 2984 2323 3066 sunt,
2486 2976 2491 2981 ’

300 3070 450 3136 nisi
477 3068 650 3134 forte
687 3069 791 3135 cui
817 3090 1043 3152 pacem
1062 3072 1403 3169 praestare
1441 3071 1509 3132 et
1539 3067 1784 3131 bellum
1810 3068 1951 3150 pati
1979 3031 2323 3132 consilium

305 3161 426 3223 est.
488 3178 609 3241 pro
646 3157 713 3221 di
749 3157 923 3240 16111,
969 3156 1081 3240 qui
1125 3157 1293 3220 hanc
1337 3157 1568 3221 urbem
1615 3155 1858 3219 omissa
1904 3176 2059 3219 cura
2105 3155 2315 3221 adhuc
2355 3174 2386 3220 3

304 3245 556 3331 tegitis,
599 3243 688 3308 M.
706 3243 1043 3327 Aemilius,
1091 3244 1381 3308 omnium
1417 3242 1895 3329 flagitiosorum
1931 3247 2321 3328 postremus,

307 3333 422 3418 qui
466 3332 651 3416 peior
695 3354 779 3397 an
823 3331 1121 3417 ignavior
1166 3332 1272 3415 sit,
1318 3332 1663 3396 deliberari
1697 3354 1832 3397 non
1865 3334 2103 3414 potest,
2149 3352 2320 3395 exer-

306 3422 513 3487 citum
559 3420 1023 3504 obprimundae
1060 3419 1388 3483 libertatis
1424 3419 1623 3483 habet
1670 3423 1736 3484 et
1772 3440 1841 3483 se
1878 3439 1910 3482 e
1945 3422 2319 3502 contempto

305 3509 725 3575 metuendum
771 3507 1010 3572 effecit:
1055 3528 1172 3572 vos
1209 3509 1577 3570 mussantes
1616 3511 1683 3571 et
1719 3510 2147 3571 retractantes
2185 3528 2320 3572 ver-
