2650 4059
532 234 824 291 BELLUM
859 234 1380 309 ΙΠΕὈΈΤῌΙΝΠΜ
1416 252 1462 291 c.
1505 241 1797 293 101—103.
2045 237 2173 301 115

143 381 333 446 nulla
370 379 807 481 opportunior
837 382 1068 444 nostra
1104 379 1412 464 amicitia,
1447 380 1734 464 primum
1769 381 1923 465 quia
1946 380 2175 464 procul

146 470 486 553 absumus,
531 468 601 532 in
646 489 776 552 quo
822 467 1103 533 offensae
1149 468 1530 553 minumum,
1574 469 1793 554 gratia
1833 490 1955 552 par
2000 489 2075 532 ac
2117 468 2175 531 si

145 578 355 642 prope
404 519 803 641 adessemus3
849 555 999 620 dein
1035 555 1188 639 quia
1222 556 1513 639 parentis
1551 557 1805 622 abunde
1839 556 2176 640 habemus,

148 645 515 710 amicorum
557 663 767 728 neque
810 643 1002 708 nobis
1059 664 1269 728 neque
1315 644 1621 729 cuiquam
1674 644 1964 710 omnium
2010 643 2173 708 satis

145 733 297 798 fuit.
390 738 589 815 atque
642 731 768 795 hoc
829 730 1083 796 utinam
1138 753 1177 794 a
1228 732 1551 816 principio
1606 732 1734 797 tibi
1788 731 2171 817 placuisset.
2208 747 2242 795 8

148 820 451 906 profecto
517 841 596 884 ex
655 819 898 919 populo
954 818 1251 883 Romano
1316 820 1401 883 ad
1453 820 1579 885 hoc
1640 824 1900 905 tempus
1962 819 2172 884 multo

147 910 346 994 plura
386 909 565 973 bona
607 906 987 1007 accepisses,
1034 928 1229 990 quam
1273 907 1448 971 mala
1491 930 1837 993 perpessus
1884 929 2075 973 esses.

292 994 423 1062 Sed
468 995 776 1096 quoniam
819 993 1252 1059 humanarum
1295 1017 1515 1060 rerum
1556 996 1825 1061 fortuna
1862 997 2172 1080 pleraque
2209 1012 2242 1060 9

148 1085 346 1238 ‘33’
388 1080 794 1236 33⁸3&ss
838 1083 1210 1257 1ἒὶῗῖῼῖ
1243 1082 1834 1256 Ξῖῒωθῖῑοέἔζῗᾞ
1875 1087 2174 1255 Μὲῗῖῗ

146 1264 231 1327 ut
266 1193 562 1344 οξξρίεὲί,
596 1191 845 1344 perge.q
878 1258 1088 1322 multa
1132 1262 1330 1342 atque
1368 1195 1744 1343 opportunae
1747 1195 1998 1345 Shldlli'es,
2031 1193 2174 1344 (111110
2213 1276 2279 1326 10

148 1348 414 1414 facilius
454 1350 671 1411 errata
706 1345 941 1411 officiis
980 1367 1262 1430 superes.
1313 1350 1649 1431 postremo
1677 1347 1857 1413 hoc
1838 1370 1909 1411 m
1942 1350 2172 1430 pectus
2213 1364 2276 1412 11

33 1507 34 1512 γ
150 1441 345 1502 tuum
369 1435 670 1519 demitte,
712 1455 1070 1519 numquam
1103 1435 1422 1518 populum
1448 1434 1817 1499 Romanum
1851 1434 2171 1499 benificiis

150 1526 258 1590 vic
452 1544 611 1588 esse.
697 1544 854 1587 nam
897 1522 1072 1587 bello
1119 1522 1276 1606 quid
1319 1523 1556 1608 valeat,
1600 1526 1744 1588 tute
1789 1521 1958 1587 scis?

289 1612 396 1677 Ad
442 1632 519 1676 ea
560 1610 860 1676 Bocchus
917 1610 1170 1695 placide
1224 1613 1292 1675 et
1345 1611 1496 1676 beni
1588 1633 1651 1696 e,
1714 1611 1911 1676 simul
1963 1631 2172 1694 pauca
2211 1626 2276 1674 12

151 1723 276 1787 pro
322 1699 561 1765 delicto
608 1720 725 1764 suo
761 1698 964 1770 verba
1004 1698 1192 1763 facit.
1239 1720 1308 1763 se
1344 1717 1481 1764 non
1563 1699 1743 1764 ostili
1778 1699 2014 1783 anim0,
2059 1698 2174 1763 sed

155 1790 242 1855 ob
294 1809 572 1873 regnum
622 1787 969 1851 tutandum
1022 1808 1204 1851 arma
1266 1788 1531 1871 cepisse.
1617 1810 1772 1852 nam
1825 1786 2173 1852 Numidiae
2212 1804 2278 1851 13

152 1880 432 1963 partem,
475 1875 644 1939 unde
678 1875 746 1941 vi
780 1874 1168 1975 Iugurtham
1213 1875 1550 1959 expulerit,
1594 1876 1737 1940 iure
1781 1876 1941 1940 belli
1986 1897 2172 1939 suam

153 1965 429 2049 factam3
493 1985 637 2028 eam
689 1961 937 2027 vastari
990 1984 1031 2026 a
1074 1961 1285 2026 Mario
1330 1963 1473 2046 pati
1515 1963 1902 2047 nequivisse.
1992 1984 2172 2047 prae-

154 2058 339 2119 terea
382 2051 601 2117 missis
648 2054 841 2120 antea
885 2049 1164 2116 Romam
1207 2050 1447 2136 legatis
1501 2052 1835 2136 repulsum
1888 2052 1970 2116 ab
2018 2051 2174 2116 ami-

156 2141 334 2208 citia.
407 2144 696 2204 ceterum
730 2142 959 2203 vetera
989 2139 1293 2203 omittere
1330 2161 1407 2205 ac
1441 2142 1604 2224 tum,
1648 2141 1706 2204 si
1747 2162 1865 2224 per
1891 2139 2173 2204 Marium
2213 2155 2279 2204 14

155 2230 414 2312 liceret,
474 2227 729 2313 legatos
794 2218 876 2291 ad
938 2229 1237 2290 senatum
1299 2228 1667 2292 missurum.
1775 2228 1926 2292 dein
1987 2227 2176 2311 copia
2214 2243 2277 2292 15

154 2317 338 2382 facta
382 2316 638 2380 animus
682 2314 948 2379 barbari
993 2315 1074 2378 ab
1112 2314 1339 2379 amicis
1376 2316 1599 2399 flexus,
1644 2336 1808 2399 quos
1835 2314 2174 2401 Iugurtha,

158 2404 427 2490 cognita
479 2401 805 2503 legatione
863 2399 1080 2467 Sullae
1126 2405 1193 2466 et
1236 2401 1444 2466 Manli
1503 2405 1799 2469 metuens
1843 2402 1938 2486 id,
2001 2403 2176 2486 quod

156 2492 535 2578 parabatur,
580 2489 766 2555 donis
811 2493 1216 2574 conruperat.

292 2580 542 2645 Marius
598 2578 849 2644 interea
905 2577 1193 2643 exercitu
1236 2578 1307 2643 in
1348 2579 1786 2644 hibernaculis
1833 2577 2174 2663 conposito
2206 2580 2333 2647 103

160 2692 311 2735 cum
356 2666 675 2752 expeditis
722 2666 1102 2732 cohortibus
1164 2670 1234 2731 et
1294 2671 1481 2752 parte
1537 2667 1869 2752 equitatus
1922 2667 2177 2751 profici-

160 2758 368 2823 scitur
413 2755 484 2820 in
523 2755 670 2821 loca
714 2755 856 2819 sola
902 2754 1241 2819 obsessum
1285 2756 1521 2820 turrim
1566 2756 1844 2842 regiam,
1898 2778 2027 2841 quo
2074 2755 2176 2821 Iu-

158 2844 407 2931 gurtha
467 2842 777 2929 perfugas
832 2841 1042 2908 omnis
1097 2844 1496 2926 praesidium
1549 2845 1944 2929 inposuerat.
2033 2847 2178 2910 tum
2214 2861 2246 2909 2

157 2954 387 2998 rursus
413 2930 733 3015 Bocchus,
778 2951 893 2995 seu
927 2931 1288 3013 reputando
1339 2952 1503 3014 quae
1541 2932 1669 2996 sibi
1705 2933 1959 2998 duobus
1995 2955 2178 3016 proe-

156 3022 267 3087 liis
304 3023 635 3103 venerant,
682 3040 797 3083 seu
841 3018 1210 3083 admonitus
1258 3018 1340 3082 ab
1379 3018 1526 3082 aliis
1574 3019 1827 3103 amicis,
1875 3041 2039 3103 quos
2086 3021 2178 3084 in-

156 3111 516 3211 conruptos
544 3106 868 3192 Iugurtha
912 3105 1281 3191 reliquerat,
1327 3127 1407 3171 ex
1453 3106 1630 3171 omni
1667 3107 1853 3190 copia
1886 3128 2177 3172 necessa·
2245 3112 2249 3115 ’

155 3198 408 3262 110111111
463 3196 746 3279 quinque
801 3194 1070 3280 delegit,
1126 3215 1404 3279 quorum
1457 3198 1526 3258 et
1577 3194 1737 3258 fides
1791 3195 2056 3279 cognita
2110 3199 2178 3260 et

153 3284 424 3372 ingenia
467 3283 891 3348 validissuma
935 3285 1139 3347 erant.
1215 3303 1326 3347 eos
1364 3282 1446 3347 ad
1481 3280 1765 3347 Marium
1810 3303 1885 3347 ac
1931 3282 2176 3366 deinde,
2214 3302 2245 3347 3

156 3374 215 3439 si
250 3373 531 3458 placeat,
566 3369 847 3435 Romam
882 3370 1190 3455 legatos
1171 3392 1266 3435 1re
1294 3369 1495 3455 iubet,
1531 3371 1934 3456 agundarum
1960 3391 2174 3434 rerum

156 3466 225 3527 et
271 3481 682 3560 quocumque
727 3457 921 3521 modo
967 3458 1125 3522 belli
1172 3458 1584 3542 conponundi
1636 3459 1969 3524 licentiam
2012 3458 2175 3543 ipsis

152 3546 505 3636 permittit.
592 3546 694 3611 illi
740 3547 992 3610 mature
1046 3546 1128 3611 ad
1179 3544 1454 3610 hiberna
1496 3546 1942 3613 Romanorum
1985 3547 2176 3632 profi·
2212 3562 2247 3607 4

1836 3652 1911 3698 8*
