2650 4059
678 264 972 319 BELLUM
1007 264 1522 321 IUGURTHINUM
1558 283 1603 321 c.
1638 271 1859 320 18—21.
2196 265 2280 330 57

259 411 480 495 tabat,
515 414 794 494 praeter
846 431 1086 475 nomen
1144 415 1360 475 cetera
1412 410 1679 495 ignarus
1733 411 1959 494 populi
2003 410 2285 476 Romani

259 485 551 581 itemque
595 499 786 563 nobis
831 520 1039 582 neque
1084 499 1257 562 bello
1293 520 1501 582 neque
1538 520 1695 582 pace
1735 502 1927 562 antea
1963 498 2283 599 cognitae.

260 588 340 651 de
386 585 615 651 Africa
671 590 739 650 et
785 586 923 650 eius
977 585 1209 650 incolis
1266 586 1349 651 ad
1390 586 1934 651 necessitudinem
1979 587 2075 651 rei
2119 588 2281 650 satis
2319 603 2352 650 8

263 675 531 739 dictum.

396 762 758 847 Postquam
812 762 1018 827 diviso
1066 783 1266 848 regno
1312 763 1518 864 legati
1564 762 1791 827 Africa
1844 762 2169 828 decessere
2217 768 2284 826 et
2303 763 2391 826 20

262 850 587 935 Iugurtha
633 854 860 915 contra
905 851 1208 915 timorem
1245 852 1444 914 animi
1482 852 1771 934 praemia
1807 851 2067 916 sceleris
2097 851 2283 951 adep-

263 943 409 1002 tum
463 960 604 1002 sese
659 939 860 1022 videt,
926 942 1180 1003 certum
1226 961 1367 1003 esse
1414 943 1613 1018 ratuS‚
1679 940 1850 1023 quod
1916 961 1992 1003 ex
2057 939 2283 1003 amicis

263 1027 436 1109 apud
465 1025 891 1090 Numantiam
921 1031 1274 1110 acceperat,
1311 1027 1531 1091 omnia
1559 991 1805 1092 R’omae
1835 1027 2087 1091 venalia
2124 1048 2283 1111 esse,

265 1115 462 1178 simul
497 1118 565 1178 et
600 1115 864 1179 illorum
900 1115 1486 1198 pollicitationibus
1524 1137 1850 1197 accensuS,
1889 1137 2051 1198 quos
2087 1116 2283 1199 paulo

263 1207 418 1266 ante
465 1203 837 1267 muneribus
884 1203 1273 1285 expleverat,
1317 1203 1386 1266 in
1423 1224 1695 1288 regnum
1724 1166 2114 1267 Adherbalis
2153 1203 2284 1266 ani-

263 1313 446 1354 mum
491 1290 788 1354 intendit.
861 1290 1003 1374 ipse
1049 1312 1196 1355 acer
1240 1290 1617 1374 bellicosus3
1664 1295 1734 1353 at
1778 1291 1835 1354 is
1883 1312 2075 1374 quem
2110 1295 2355 1376 pete-2

264 1380 382 1443 bat
429 1378 689 1462 quietus
733 1378 1022 1461 inbellis,
1077 1379 1334 1478 placido
1389 1378 1678 1462 ingenio,
1733 1383 2138 1462 opportunus
2190 1379 2284 1442 in-

265 1467 503 1549 iuriae,
566 1470 859 1530 metuens
923 1467 1134 1551 magis
1199 1488 1396 1550 quam
1455 1466 1854 1530 metuendus
1943 1467 2152 1550 igitur
2203 1488 2282 1529 ex
2321 1482 2353 1529 3

264 1553 597 1638 inproviso
643 1554 792 1618 finis
838 1554 976 1618 eius
1024 1576 1169 1618 cum
1215 1575 1455 1640 magna
1500 1576 1694 1618 manu
1730 1554 1996 1636 invadit,
2042 1554 2284 1617 multos

265 1643 566 1706 mortalis
632 1664 780 1707 cum
842 1648 1084 1726 pecore
1136 1647 1332 1725 atque
1383 1642 1517 1710 alia
1570 1643 1809 1725 praeda
1855 1643 2056 1727 capit,
2121 1641 2287 1705 aedi-

264 1730 417 1794 ficia
469 1730 783 1812 incendit,
844 1731 1151 1813 pleraque
1206 1731 1352 1794 loca
1402 1731 1735 1794 hostiliter
1789 1752 1936 1795 cum
1991 1729 2288 1813 equitatu

267 1819 541 1901 adcedit,
577 1818 804 1882 deinde
834 1840 980 1882 cum
1018 1818 1195 1881 omni
1232 1819 1650 1882 multitudine
1687 1820 1756 1882 in
1782 1839 2056 1903 regnum
2093 1840 2283 1882 suum
2321 1832 2355 1880 4

269 1906 623 1991 convortit,
687 1906 1085 1970 existumans
1141 1906 1580 1970 Adherbalem
1634 1907 1857 1971 dolore
1914 1910 2284 1989 permotum
2263 1876 2596 2070 W

271 1995 540 2062 iniurias
598 2015 747 2058 suas
802 2014 998 2058 manu
1055 1993 1534 2058 vindicaturum
1596 2015 1866 2078 eamque
1930 2016 2068 2058 rem
2129 1993 2279 2057 bell'
2643 1999 2644 2002 ’

269 2104 535 2147 causam
592 2081 750 2146 fore.
841 2086 911 2145 at
964 2082 1104 2164 1116,
1169 2083 1341 2166 quod
1402 2104 1610 2165 neque
1675 2103 1743 2146 36
1801 2104 2024 2167 parem
2088 2082 2284 2145 armis
2324 2094 2356 2143 5

269 2170 708 2234 existumabat
761 2174 829 2233 61
885 2169 1175 2234 amicitia
1217 2171 1445 2254 populi
1488 2170 1769 2233 Romani
1823 2171 2033 2254 magis
2091 2190 2286 2253 quam

271 2257 575 2322 Numidis
621 2257 830 2321 fretus
878 2261 1036 2342 erat,
1079 2258 1335 2343 legatos
1375 2258 1456 2322 ad
1492 2257 1879 2342 Iugurtham
1916 2259 1993 2321 de
2029 2258 2284 2321 iniuriis
2640 2206 2642 2311 l

269 2350 574 2430 questum
619 2345 816 2409 misit.
891 2346 1002 2429 qui
1048 2347 1313 2410 tametsi
1360 2344 1831 2410 contumeliosa
1865 2345 2041 2409 dicta
2086 2349 2286 2408 rettu-

268 2435 500 2517 lerant,
543 2433 725 2518 prius
772 2437 994 2498 tamen
1039 2435 1257 2497 omnia
1299 2434 1440 2517 pati
1487 2432 1772 2496 decrevit
1809 2454 2005 2516 quam
2040 2432 2286 2495 bellum

270 2543 543 2604 sumere,
589 2521 742 2605 quia
786 2525 1181 2605 temptatum
1227 2524 1421 2585 antea
1465 2542 1649 2585 secus
1696 2525 1997 2585 cesserat.
2077 2541 2284 2603 neque
2324 2536 2357 2582 6

270 2632 348 2675 60
415 2609 623 2694 magis
690 2609 921 2693 cupido
967 2608 1325 2694 Iugurthae
1381 2610 1821 2693 minuebatur,
1881 2609 2119 2692 quippe
2175 2608 2286 2691 qui

270 2701 489 2761 totum
535 2697 674 2761 61113
720 2718 995 2783 regnum
1040 2698 1256 2761 animo
1302 2698 1436 2762 iam
1480 2698 1824 2761 invaserat.
1888 2698 2109 2780 itaque
2153 2719 2288 2761 non
2324 2712 2354 2760 7

271 2786 372 2849 1111
417 2790 611 2849 antea
656 2807 802 2850 cum
845 2786 1257 2869 praedatoria
1302 2808 1515 2870 manu,
1562 2786 1672 2849 sed
1717 2806 1956 2871 magno
2002 2785 2290 2850 exercitu

273 2877 628 2956 conparato
673 2873 918 2937 bellum
964 2894 1188 2958 gerere
1236 2875 1452 2957 coepit
1506 2878 1573 2937 et
1628 2879 1848 2957 aperte
1904 2874 2108 2937 totius
2155 2871 2287 2935 Nu-

271 2961 508 3024 midiae
554 2961 647 3024 im
695 2982 728 3024 e
769 2961 900 3037 'um
935 2966 1172 3044 petere.
1276 2966 1552 3066 etsupi·
1564 2983 1692 3044 qua
1727 2963 2059 3062 pergebat,
2102 2960 2284 3024 urbis
2323 2975 2356 3024 8

273 3069 468 3133 agros
525 3070 638 3112 vas
673 3070 808 3133 are,
862 3049 1135 3132 praedas
1455 3070 1591 3113 suis
1646 3050 1934 3112 animum
1985 3047 2287 3112 hostibus

272 3141 588 3200 terrorem
619 3157 905 3221 augere}
930 3136 1260 3200 Adherbal
1288 3071 1404 3201 ubi
1431 3136 1757 3220 intellegit
1792 3156 1869 3199 eo
1896 3156 2287 3235 processum,
2307 3136 2388 3200 21

274 3224 374 3288 uti
420 3245 693 3310 regnum
731 3228 845 3287 aut
872 3225 1363 3307 relinquendum
1392 3228 1564 3288 63361
1612 3226 1725 3287 aut
1771 3223 1969 3286 armis
2013 3222 2288 3285 retinen-

274 3313 447 3395 dum,
492 3313 856 3376 necessario
894 3313 1113 3394 copias
1149 3317 1346 3396 parat
1381 3316 1448 3375 et
1483 3310 1840 3396 Iugurthae
1879 3310 2108 3375 obvius
2145 3331 2288 3393 pro-

277 3401 463 3464 cedit.
552 3399 816 3463 interim
868 3400 1041 3463 haud
1095 3400 1290 3485 longe
1339 3422 1378 3463 a
1423 3400 1587 3463 mari
1636 3421 1837 3484 prope
1884 3398 2135 3464 Cirtam
2182 3418 2290 3479 op·
2327 3413 2359 3460 2

276 3487 501 3570 pidum
553 3486 892 3570 utriusque
949 3487 1267 3552 exercitus
1325 3488 1619 3553 consedit
1664 3492 1756 3571 et,
1812 3486 1965 3571 quia
2017 3485 2145 3549 diei
2190 3507 2291 3547 ex-

278 3578 560 3639 tremum
606 3577 773 3657 erat,
826 3574 1148 3659 proelium
1200 3597 1332 3641 non
1387 3576 1736 3660 inceptum.
1828 3575 1939 3639 sed
1991 3573 2107 3638 ubi
2158 3574 2291 3656 ple·
