2650 4059
644 247 937 304 BELLUM
971 247 1489 305 IUGURTHINUM
1526 265 1571 303 c.
1611 255 1836 303 44—47.
2179 248 2263 312 75

234 392 563 459 ditionem
617 392 829 458 facere
886 397 1157 458 conatus
1212 397 1330 458 est.
1420 393 1626 478 igitur
1679 394 1932 478 legatos
1988 393 2069 457 ad
2120 414 2264 457 con·
2302 412 2340 458 2*

133 553 136 556 Α
242 482 455 547 sulem
513 503 660 545 cum
718 481 1055 566 suppliciis
1115 481 1349 565 mittit,
1416 481 1526 565 qui
1583 482 2089 545 tantum—modo
2134 480 2262 564 ipsi

236 569 593 653 liberisque
639 569 845 633 vitam
889 573 1208 653 peterent,
1255 569 1386 633 alia
1427 569 1645 633 omnia
1681 569 1986 633 dederent
2019 569 2264 652 populo

240 657 558 723 Romano.
650 656 763 721 sed
808 657 1077 722 Metello
1123 657 1255 722 iam
1302 662 1495 721 antea
1540 656 1997 741 experimentis
2050 656 2265 741 cogni·
2304 678 2333 724 3

239 750 386 810 tum
443 748 586 810 erat
630 766 834 830 genus
878 744 1312 810 Numidarum
1357 739 1627 809 infidum
1636 745 1663 829 ,'
1709 744 1971 829 ingenio
2018 743 2267 827 mobili,

241 856 559 898 novarum
613 855 830 897 rerum
885 833 1143 898 avidum
1202 854 1362 897 esse.
1419 833 1681 916 ,itaque
1746 833 1999 918 legatos
2064 831 2266 895 alium
2304 854 2336 900 4

242 922 327 986 ab
384 921 516 986 alio
571 921 865 985 divorsos
922 920 1299 1007 aggreditur
1361 927 1439 986 'ac
1493 921 1813 1005 paulatim
1869 919 2266 1004 temptandO,

241 1013 596 1094 postquam
643 1013 1045 1093 opportunos
1094 1009 1222 1073 sibi
1268 1009 1595 1095 cognovit,
1641 1009 1851 1073 multa
1899 1008 2264 1092 pollicendo

240 1097 609 1182 persuadet,
636 1098 737 1161 uti
766 1096 1155 1182 Iugurtham
1192 1118 1490 1161 maxume
1527 1096 1761 1181 vivom,
1800 1097 1903 1161 sin
1937 1097 2004 1160 id
2035 1117 2267 1180 parum

241 1184 573 1271 procedat,
607 1189 910 1250 necatum
949 1185 1076 1249 sibi
1112 1186 1461 1250 traderent.
1536 1189 1820 1249 ceterum
1856 1185 2074 1269 palam
2103 1205 2266 1267 quae

119 1351 127 1362 ·
240 1295 324 1338 ex
367 1272 705 1337 voluntate
750 1272 984 1356 forent,
1032 1273 1171 1358 regi
1215 1273 1517 1338 nuntiare
1564 1273 1762 1337 iubet.
1853 1272 2080 1336 deinde
2124 1272 2265 1356 ipse
2304 1295 2335 1341 5

241 1361 471 1446 paucis
516 1360 743 1425 diebus
787 1361 1043 1426 intento
1088 1365 1284 1446 atque
1330 1360 1571 1430 infesto
1614 1360 1899 1425 exercitu
1934 1360 2005 1423 in
2039 1358 2266 1424 Numi-

241 1449 420 1513 diam
472 1449 793 1533 procedit,
846 1449 961 1513 ubi
1016 1453 1243 1514 contra
1285 1448 1443 1513 belli
1487 1447 1720 1512 faciem
1765 1447 2029 1532 tuguria
2072 1447 2268 1530 plena

240 1537 609 1620 hominum,
662 1558 899 1621 pecora
944 1538 1354 1621 cultoresque
1399 1537 1471 1600 in
1515 1536 1692 1622 agris
1723 1539 1942 1600 erant.
2033 1556 2110 1599 ex
2157 1555 2266 1617 op-

240 1625 414 1710 pidis
477 1629 544 1689 et
598 1625 961 1708 mapalibus
1016 1625 1328 1709 praefecti
1382 1625 1556 1710 regis
1611 1623 1786 1688 obvii
1831 1622 2267 1707 procedebant

240 1713 459 1797 parati
504 1712 905 1777 frumentum
939 1713 1110 1796 dare,
1156 1717 1569 1778 conmeatum
1604 1715 1885 1796 portare,
1929 1715 2265 1796 postremo
2289 1727 2305 1745 ’·
2346 1763 2374 1771 .-

242 1801 484 1883 omnia,
529 1822 691 1884 quae
725 1801 1218 1885 imperarentur,
1253 1801 1482 1866 facere.
1572 1822 1779 1884 neque
1826 1798 2132 1864 Metellus
2178 1798 2269 1862 id-
2304 1822 2337 1868 6

244 1889 420 1954 circo
469 1888 700 1971 minus,
747 1889 859 1953 sed
902 1889 1150 1973 pariter
1185 1910 1260 1954 ac
1296 1888 1354 1953 si
1389 1889 1614 1953 hostes
1654 1888 1970 1971 adessent,
2016 1886 2266 1950 munito

242 1976 505 2062 agmine
549 1975 863 2060 incedere,
907 1976 1040 2041 late
1086 1977 1422 2060 explorare
1470 1975 1715 2060 omnia,
1761 1976 1877 2040 illa
1921 1973 2267 2040 deditionis
2335 1997 2491 2079 w

243 2065 438 2150 signa
483 2065 773 2129 ostentui
810 2064 1065 2139 credere
1104 2068 1171 2129 et
1206 2064 1459 2129 insidiis
1498 2065 1714 2129 locum
1750 2063 2077 2147 temptari.
2149 2063 2268 2127 ita·
2304 2086 2481 2192 Vnt!
2594 2079 2606 2134 ζ

243 2174 372 2236 que
427 2153 567 2236 ipse
624 2174 772 2217 cum
826 2152 1142 2236 expeditis
1200 2152 1608 2237 cohortibus,
1661 2153 1823 2216 item
1866 2152 2271 2216 fimditorum
2326 2149 2374 2190 s
2475 2127 2635 2201 ‘44¹⁹‘

243 2244 316 2305 et
373 2240 869 2325 sagittariorum
926 2241 1175 2305 delecta
1228 2262 1424 2306 manu
1473 2240 1643 2324 apud
1686 2240 1933 2323 primos
1980 2243 2146 2322 erat,
2200 2239 2271 2302 in

249 2331 588 2413 postremo
626 2326 696 2393 O.
734 2327 980 2392 Marius
1026 2328 1283 2413 legatus
1327 2351 1474 2393 cum
1512 2328 1841 2412 equitibus
1880 2326 2167 2409 curabat,
2202 2326 2272 2390 in

245 2420 600 2499 utrumque
655 2416 829 2481 latus
886 2416 1259 2481 auxiliarios
1316 2417 1567 2500 equites
1612 2415 1894 2480 tribunis
1939 2414 2270 2498 legionum

243 2508 326 2568 et,
358 2503 703 2588 praefectis
751 2504 1119 2569 cohortium
1163 2505 1642 2588 dispertiverat,
1687 2507 1763 2567 ut
1809 2524 1955 2567 cum
1998 2502 2092 2566 eis
2128 2523 2269 2586 per-

245 2592 438 2657 mixti
464 2592 713 2676 velites,
752 2614 1158 2676 quocumque
1189 2593 1587 2676 adcederent,
1617 2589 1949 2676 equitatus
1976 2590 2268 2654 hostium

242 2679 722 2765 propulsarent.
810 2703 964 2745 nam
1003 2680 1073 2744 in
1109 2679 1431 2766 Iugurtha
1470 2683 1691 2744 tantus
1730 2679 1915 2743 dolus
1957 2681 2267 2761 tantaque
2307 2701 2337 2748 8

243 2768 485 2852 peritia
534 2768 827 2844 locorum
882 2773 950 2832 et
995 2768 1268 2833 militiae
1314 2772 1483 2852 erat,
1529 2771 1630 2852 ut,
1680 2767 1914 2831 absens
1962 2789 2046 2831 an
2089 2787 2270 2851 prae-

245 2878 395 2920 sens
405 2907 424 2940 ,
477 2877 703 2939 pacem
755 2878 840 2921 an
896 2855 1141 2936 bellu-m
1197 2877 1429 2941 gerens
1476 2855 1901 2939 perniciosior
1947 2858 2145 2938 esset,
2200 2854 2272 2917 in

247 2945 498 3009 incerto
544 2943 907 3008 haberetur.
988 2929 1044 3004 ἶ]

379 3031 546 3096 Erat
590 3032 764 3095 haud
809 3015 1002 3115 longe
1049 3032 1131 3095 ab
1179 3051 1256 3096 eo
1303 3032 1554 3115 itinere,
1602 3052 1730 3114 quo
1776 3030 2082 3094 Metellus
2131 3050 2269 3112 per·
2287 3037 2371 3100 47

246 3120 464 3206 gebat,
513 3119 821 3203 oppidum
866 3118 1297 3183 Numidarum
1345 3119 1604 3184 nomine
1650 3118 1869 3203 Vaga,
1914 3116 2130 3181 forum
2175 3138 2269 3181 re·

246 3230 394 3273 rum
446 3206 771 3272 venalium
827 3207 1034 3272 totius
1090 3207 1275 3292 regni
1333 3228 1630 3271 maxume
1678 3207 1773 3271 cel
1812 3207 1892 3270 br
1934 3210 1963 3269 t
2016 3290 2024 3298 .
2084 3254 2103 3288 ,
2158 3188 2640 3380 ubff

249 3300 316 3359 et
379 3295 661 3396 incolere
727 3298 795 3358 et
853 3295 1146 3372 mercari,
1193 3297 1662 3395 consueyerant
1714 3293 1943 3388 ⁴Italici
1994 3292 2236 3394 ,gener-i
2428 3291 2640 3408 Aac&

249 3383 442 3447 multl
499 3381 828 3459 mmtfflffi,
917 3383 1045 3447 huc
1099 3383 1351 3466 consul,
1409 3381 1604 3446 s1mul
1650 3381 2014 3465 temptandi
2058 3385 2273 3481 gratia
2309 3377 2609 3490 am

248 3475 314 3535 et
379 3471 436 3535 si
491 3473 870 3555 paterentur
926 3470 1450 3554 opportunitates
1505 3469 1661 3551 loci,
1723 3469 2123 3553 praesidium,
2183 3490 2274 3532 m-

249 3558 488 3642 posuit.
579 3561 915 3641 praeterea
958 3558 1303 3641 imperavit
1348 3557 1748 3622 frumentum
1793 3562 1862 3621 et
1908 3556 2063 3640 alia,
2110 3577 2272 3641 quae
2634 3583 2638 3747 l
