2650 4059
716 253 1010 310 BELLUM
1045 254 1440 311 CATILINAE
1479 258 2252 324 c.9—13.7

228 398 592 465 contendit.
701 400 977 464 avaritia
1037 400 1347 483 pecuniae
1412 402 1699 466 studium
1759 402 1985 488 habet,
2060 426 2255 489 quam
2289 421 2335 470 3

228 509 427 552 nemo
484 485 739 570 sapiens
796 488 1193 572 concupivit3
1247 510 1324 552 ea
1379 490 1566 572 quasi
1618 491 1879 556 venenis
1927 493 2115 557 malis
2160 493 2254 557 in-

230 573 401 640 buta
445 596 678 658 corpus
727 575 1141 660 animumque
1187 576 1443 641 virilem
1480 578 1826 663 effeminat,
1873 602 2126 681 semper
2160 581 2253 646 ιιι-

229 663 425 727 finita
478 663 871 727 insatiabilis
927 668 1054 748 est,
1106 686 1314 748 neque
1370 665 1558 749 copia
1609 688 1816 768 neque
1872 668 2094 752 inopia
2138 668 2253 733 mi-

227 751 477 816 nuitur.
578 751 688 815 sed
759 755 1110 835 postquam
1180 751 1253 816 L.
1328 750 1510 817 Sulla
1580 755 1778 819 armis
1851 760 2111 840 recepta
2181 778 2251 822 re
2287 771 2323 821 4

229 838 500 923 publica
561 838 750 903 bonis
814 839 1022 904 initiis
1086 840 1293 905 malos
1358 846 1624 906 eventus
1697 843 1954 928 habuit,
2026 866 2251 929 rapere

233 948 483 1010 omnes,
522 927 796 1011 trahere,
833 927 1097 992 domum
1134 929 1300 993 alius
1340 929 1505 994 alius
1534 951 1728 1015 agros
1757 953 2007 1016 cupere,
2041 954 2251 1016 neque

230 1015 501 1081 modum
544 1036 752 1098 neque
799 1016 1185 1080 modestiam
1239 1017 1518 1082 victores
1563 1018 1829 1103 habere,
1883 1019 2071 1085 foeda
2115 1043 2251 1085 cru-

230 1104 535 1187 deliaque
582 1104 653 1167 ιιι
698 1103 856 1167 civis
894 1103 1183 1169 facinora
1217 1104 1447 1169 facere.
1526 1107 1654 1171 huc
1690 1107 2042 1172 adcedebat
2080 1109 2252 1192 quod
2289 1125 2320 1174 5

232 1190 308 1255 L.
350 1189 537 1256 Sulla
572 1191 946 1275 exercitum,
984 1213 1176 1275 quem
1211 1193 1282 1257 in
1316 1191 1480 1257 Asia
1515 1194 1911 1280 ductaverat,
1957 1217 2085 1279 quo
2124 1197 2250 1260 sibi

232 1279 439 1344 fidum
475 1278 736 1363 faceret,
773 1283 1002 1345 contra
1038 1303 1285 1345 morem
1322 1281 1641 1345 maiorum
1678 1283 2004 1348 luxuriose
2031 1284 2251 1349 nimis-

233 1389 362 1452 que
408 1330 769 1433 liberaliter
810 1368 1145 1433 habuerat.
1235 1368 1381 1433 loca
1434 1391 1705 1434 amoena
1753 1372 2118 1454 voluptaria
2162 1372 2250 1436 fa·

233 1456 359 1521 cile
413 1456 485 1521 ιιι
544 1456 682 1521 otio
727 1455 962 1521 ferocis
1007 1456 1293 1521 militum
1340 1457 1590 1521 animos
1637 1458 2084 1523 molliverant.
2157 1459 2250 1523 ibi
2287 1474 2321 1523 6

230 1544 520 1645 primum
572 1544 856 1609 insuevit
909 1546 1228 1609 exercitus
1283 1546 1510 1629 populi
1554 1545 1834 1610 Romani
1879 1568 2095 1611 amare
2139 1568 2251 1631 po-

231 1636 395 1715 tare,
442 1632 631 1717 signa
675 1630 936 1696 tabulas
980 1633 1191 1715 pictas
1236 1655 1394 1697 vasa
1440 1634 1689 1698 caelata
1728 1635 1968 1718 mirari,
2013 1657 2090 1699 ea
2124 1635 2251 1719 pri-

232 1720 441 1783 vatim
496 1724 563 1784 et
606 1719 864 1804 publice
910 1742 1161 1804 rapere,
1207 1721 1476 1786 delubra
1522 1722 1829 1806 spoliare,
1877 1744 2061 1787 sacra
2105 1746 2250 1807 pro-

231 1807 515 1891 fanaque
571 1808 789 1872 omnia
832 1807 1139 1891 polluere.
1228 1809 1434 1893 igitur
1480 1809 1539 1873 ei
1584 1810 1853 1894 milites,
1898 1816 2250 1895 postquam
2287 1826 2318 1874 7

231 1895 579 1960 victoriam
606 1895 826 1979 adepti
852 1899 1024 1978 sunt,
1050 1896 1214 1959 nihil
1243 1896 1478 1979 reliqui
1507 1897 1697 1962 victis
1725 1898 1951 1963 fecere.
2012 1899 2249 1983 quippe
2286 1913 2320 1962 8

231 1983 565 2049 secundae·
598 2005 703 2047 res
750 1983 1143 2066 sapientium
1188 1984 1439 2048 animos
1486 1984 1796 2070 fatigant·
1840 2008 1921 2051 ne
1968 1986 2067 2050 illi
2104 2008 2250 2052 con-

232 2071 448 2156 ruptis
495 2071 786 2137 moribus
833 2071 1142 2136 victoriae
1188 2075 1642 2156 temperarent.

369 2158 732 2243 Postquam
768 2159 1031 2224 divitiae
1065 2160 1300 2224 honori
1338 2182 1478 2225 esse
1508 2179 1775 2245 coepere
1804 2165 1871 2226 et
1899 2183 2008 2226 eas
2037 2163 2251 2248 gloria
2272 2162 2356 2226 12

232 2247 581 2332 imperium
624 2247 922 2331 potentia
967 2248 1383 2331 sequebatur,
1427 2249 1771 2313 hebescere
1815 2249 2051 2333 virtus,
2097 2273 2250 2334 pau-

230 2340 457 2420 pertas
502 2336 743 2420 probro
778 2335 1023 2418 haberi,
1058 2336 1432 2401 innocentia
1465 2358 1584 2419 pro
1624 2336 2068 2401 malivolentia
2103 2338 2250 2402 duci

234 2424 470 2507 coepit.
567 2424 772 2509 igitur
834 2445 913 2488 ex
974 2386 1219 2488 divitiis
1283 2424 1686 2488 iuventutem
1746 2424 2002 2488 luxuria
2055 2429 2249 2508 atque
2287 2440 2320 2488 2

234 2511 515 2576 avaritia
550 2533 699 2577 cum
735 2511 1092 2594 superbia
1073 2533 1393 2576 mvasere:
1430 2532 1655 2596 rapere
1702 2533 2096 2596 consumere,
2135 2535 2251 2577 sua

233 2599 421 2684 parvi
466 2600 742 2682 pendere
798 2599 1009 2663 aliena
1056 2621 1314 2683 cupere,
1359 2600 1673 2684 pudorem
1717 2600 2115 2684 pudicitiam,
2161 2601 2250 2665 di-

233 2687 388 2751 vina
430 2690 628 2770 atque
673 2687 959 2751 humana
1001 2688 1389 2772 promiscua,
1432 2688 1597 2752 ιιι1ιι1
1638 2689 1823 2772 pensi
1871 2710 2079 2772 neque
2118 2712 2250 2754 mo-

235 2774 444 2840 derati
487 2775 744 2839 habere.
836 2796 1067 2859 operae
1112 2776 1398 2859 pretium
1440 2780 1559 2860 est,
1605 2797 1753 2840 cum
1789 2776 2014 2841 domos
2053 2781 2248 2861 atque
2286 2793 2317 2842 3

236 2862 427 2927 villas
475 2863 854 2948 cognoveris
900 2863 970 2927 in
1013 2863 1274 2927 urbium
1319 2865 1584 2929 modum
1629 2865 2107 2948 exaedificataS,
2162 2866 2250 2930 vi-

236 2972 375 3016 sere
403 2951 651 3035 templa
676 2950 961 3034 deorum,
995 2972 1158 3034 quae
1186 2953 1399 3016 nostri
1426 2953 1724 3034 maiores,
1752 2953 2249 3038 religiosissumi

235 3039 546 3104 mortales
555 3088 574 3123 ,
627 3038 852 3104 fecere.
942 3061 1165 3104 verum
1220 3040 1318 3103 illi
1365 3041 1633 3104 delubra
1677 3004 1941 3103 deorum
1985 3041 2248 3123 pietate,
2286 3055 2320 3103 4

236 3141 463 3192 domos
509 3148 661 3192 suas
707 3126 918 3212 gloria
963 3126 1375 3212 decorabant,
1418 3148 1625 3210 neque
1672 3127 1861 3192 victis
1904 3127 2249 3210 quicquam

235 3219 493 3298 praeter
554 3214 827 3279 iniu'riae
890 3214 1224 3280 licentiam
1278 3215 1657 3300 eripiebant.
1757 3218 1827 3279 at
1878 3214 1950 3278 hi
2004 3219 2247 3299 contra,
2286 3231 2317 3279 5

236 3301 661 3387 ignavissumi
703 3302 1028 3386 homines,
1082 3326 1199 3387 per
1254 3324 1580 3368 summum
1644 3303 1855 3367 scelus
1901 3303 2120 3366 omnia
2173 3325 2249 3367 ea

238 3390 429 3455 sociis
477 3390 783 3475 adimere,
839 3411 1003 3474 quae
1062 3390 1427 3455 fortissumi
1486 3390 1609 3454 viri
1653 3391 1933 3456 victores
1979 3390 2249 3474 relique-

237 3482 410 3541 rant:
463 3478 732 3562 proinde
789 3478 977 3562 quasi
1030 3479 1334 3544 iniuriam
1387 3478 1597 3551 facere
1650 3479 1718 3543 id
1772 3480 2029 3543 demum
2075 3483 2248 3543 esset

236 3563 506 3650 imperio
560 3565 678 3630 uti.
767 3588 922 3631 nam
977 3566 1132 3650 quid
1187 3588 1263 3632 ea
1316 3588 1697 3653 memorem,
1755 3588 1917 3651 quae
1970 3567 2100 3632 nisi
2152 3567 2246 3631 eis
2270 3571 2352 3634 13
