2650 4059
401 240 483 305 78
1057 239 1111 295 0.
1152 239 1491 295 SALLUSTI
1528 238 1756 294 CRISPI

327 403 359 449 3
529 385 623 451 At
658 385 995 470 Iugurtha,
1040 385 1154 449 ubi
1200 389 1560 448 extremum
1604 405 1839 469 agmen
1876 383 2128 471 Metelli
2164 384 2421 469 primos

398 495 551 539 suos
594 478 1151 559 praetergressum
1194 472 1398 556 videt,
1450 472 1773 554 praesidio
1820 472 2008 555 quasi
2053 473 2253 537 duum
2297 473 2420 536 mi-

395 562 557 626 lium
611 562 903 647 peditum
949 565 1238 625 montem
1286 563 1584 643 occupat,
1632 581 1760 643 qua
1804 558 2110 625 Metellus
2156 561 2422 625 descen-

397 649 598 733 derat,
639 672 722 714 ne
767 649 936 715 forte
982 648 1357 714 cedentibus
1395 647 1783 712 advorsariis
1821 648 2110 731 receptui
2146 670 2223 712 ac
2258 652 2421 733 post

134 737 145 746 '
229 728 373 818 M
397 738 798 817 munimento
844 736 1031 801 foret.
1123 736 1272 800 dein
1314 739 1578 819 repente
1626 736 1813 820 signo
1860 736 2013 800 dato
2058 735 2271 800 hostis
2317 736 2421 800 in·

326 844 358 889 4
395 826 591 889 vadit.
663 824 983 890 Numidae
1024 823 1136 888 alii
1171 827 1539 907 postremos
1578 824 1857 907 caedere,
1892 845 2045 908 pars
2074 846 2114 888 a
2141 822 2418 888 sinistra

47 912 293 1019 Wl-
397 935 472 978 ac
517 914 743 978 dextra
788 917 1127 996 temptare,
1171 910 1409 975 infensi
1456 911 1678 975 adesse
1724 916 1920 995 atque
1964 912 2229 993 instare,
2277 933 2413 976 om-

204 999 216 1016 '
367 1000 589 1065 *nibus
645 1000 805 1065 locis
852 999 1294 1065 Romanorum
1341 999 1596 1063 ordines
1644 1000 2046 1064 conturbare.
2131 1020 2411 1083 quorum

396 1089 595 1153 etiam
650 1088 762 1171 qui
815 1087 1211 1153 firmioribus
1273 1086 1507 1151 animis
1562 1087 1736 1163 obvii
1782 1086 2083 1152 hostibus
2129 1086 2417 1171 fuerant,
2536 1146 2548 1156 .

394 1176 709 1241 ludificati
754 1176 1001 1241 incerto
1047 1175 1295 1260 proelio
1342 1175 1470 1259 ipsi
1515 1175 1708 1239 modo
1745 1175 1995 1240 eminus
2034 1174 2412 1240 sauciaban-

397 1269 504 1329 tur
528 1285 737 1348 neque
775 1269 1001 1330 contra
1034 1263 1313 1328 feriundi
1352 1266 1466 1326 aut
1503 1263 1883 1328 conserundi
1922 1285 2186 1328 manum
2220 1265 2415 1347 copia

326 1369 358 1416 5
394 1355 552 1417 erat.
636 1356 785 1416 ante
832 1352 961 1416 iam
1008 1351 1184 1416 docti
1221 1352 1302 1416 ab
1342 1350 1663 1437 Iugurtha
1699 1351 1970 1435 equites,
2015 1351 2127 1414 ubi
2171 1350 2413 1416 Roma-

392 1462 624 1505 norum
678 1444 895 1505 turma
948 1439 1200 1523 insequi
1254 1442 1581 1522 coeperat,
1632 1461 1765 1503 non
1810 1439 2153 1504 confertim
2196 1461 2412 1524 neque

392 1529 461 1592 in
488 1550 690 1593 unum
728 1549 865 1592 sese
902 1527 1319 1610 recipiebant,
1357 1527 1470 1591 sed
1506 1526 1671 1591 alius
1710 1527 1838 1591 alio
1878 1548 2073 1610 quam
2106 1549 2413 1593 maxume

326 1635 357 1683 6
396 1615 653 1681 divorsi.
743 1615 841 1679 ita
882 1635 1151 1678 numero
1187 1615 1457 1698 priores,
1502 1614 1558 1678 si
1595 1615 1677 1678 ab
1715 1614 2153 1698 persequendo
2191 1615 2412 1680 hostis

394 1704 714 1767 deterrere
766 1702 1217 1786 nequiverant,
1272 1701 1577 1767 disiectos
1641 1703 1723 1767 ab
1779 1706 1966 1788 tergo
2020 1706 2135 1766 aut
2189 1703 2411 1767 lateri-

393 1791 515 1855 bus
545 1790 1157 1855 circumveniebant:
1187 1789 1289 1854 sin
1317 1790 1745 1873 opportunior
1769 1789 1964 1875 fugae
1990 1790 2176 1855 collis
2207 1812 2410 1874 quam

395 1879 607 1961 campi
652 1877 881 1961 fuerat,
927 1899 1005 1942 ea
1038 1899 1191 1942 vero
1230 1878 1525 1942 consueti
1559 1876 1992 1942 Numidarum
2029 1879 2176 1961 equi
2212 1878 2410 1944 facile

392 1967 563 2031 inter
606 1966 892 2051 virgulta
1016 1965 1220 2049 adere,
1263 1969 1526 2030 nostros
1573 1966 1892 2049 asperitas
1939 1970 2006 2031 et
2052 1967 2411 2032 insolentia

286 2054 367 2119 51
391 2053 519 2118 loci
564 2054 901 2118 retinebat.
991 2058 1276 2119 ceterum
1321 2052 1520 2118 facies
1565 2054 1771 2117 totius
1814 2056 2041 2139 negoti
2085 2055 2268 2119 varia
2312 2055 2409 2119 in-

394 2145 595 2226 certa,
656 2141 847 2206 foeda
908 2146 1103 2225 atque
1157 2141 1574 2206 miserabilis:
1637 2141 1910 2225 dispersi
1965 2163 2006 2206 a
2058 2142 2194 2206 suis
2248 2165 2409 2227 pars

392 2230 613 2294 cedere
681 2229 791 2294 alii
854 2230 1140 2314 insequi3
1201 2251 1416 2313 neque
1473 2229 1663 2315 signa
1717 2250 1925 2312 neque
1981 2230 2238 2295 ordines
2294 2233 2410 2297 ob-

393 2338 665 2401 servare,
709 2317 824 2382 ubi
870 2340 1186 2402 quemque
1231 2317 1590 2401 periculum
1636 2320 1912 2401 ceperat,
1957 2317 2051 2381 ibi
2095 2319 2406 2383 resistere

392 2427 467 2471 ac
502 2406 908 2490 propulsare3
954 2428 1136 2471 arma
1172 2406 1321 2489 tela,
1368 2405 1516 2489 equi
1551 2404 1694 2487 viri,
1733 2405 1957 2469 hostes
1994 2409 2189 2489 atque
2228 2406 2405 2471 cives

388 2495 722 2578 permixti3
763 2494 929 2558 nihil
976 2493 1245 2558 consilio
1281 2514 1489 2577 neque
1525 2492 1800 2577 imperio
1837 2494 1964 2578 agi,
2009 2493 2143 2558 fors
2181 2495 2406 2559 omnia

321 2597 352 2645 2
389 2603 629 2668 regere.
718 2582 939 2665 itaque
994 2581 1273 2644 multum
1327 2581 1457 2645 diei
1509 2585 1939 2665 processerat,
1994 2603 2140 2646 cum
2200 2583 2406 2647 etiam

8 2658 143 2746 4²16,
162 2685 360 2797 Q
391 2674 532 2734 tum
578 2673 844 2734 eventus
890 2670 959 2731 in
1003 2669 1252 2732 incerto
1298 2672 1456 2732 erat.
1529 2668 1801 2752 denique
1818 2658 2138 2746 (omnibus
2176 2670 2405 2735 labore

39 2745 48 2764 ²
325 2800 334 2808 -
389 2762 456 2821 et
500 2761 686 2821 aestu
729 2755 1088 2840 languidi&
1102 2754 1422 2839 Metellus,
1466 2755 1580 2820 ubi
1617 2757 1793 2820 videt
1827 2755 2146 2822 Numidas
2182 2758 2405 2823 minus

387 2844 658 2927 instare,
711 2843 1030 2928 paulatim
1082 2842 1325 2907 milites
1378 2843 1449 2908 in
1501 2865 1701 2926 unum
1761 2843 2084 2929 conducit,
2141 2846 2405 2911 ordines

387 2932 680 2997 restituit
741 2935 810 3012 et
874 2930 1161 2996 cohortis
1224 2930 1616 3017 legionarias
1682 2936 1994 3015 quattuor
2054 2932 2405 2998 advorsum
2639 2913 2641 3048 A

385 3020 636 3104 pedites
691 3018 982 3084 hostium
1037 3018 1353 3084 conlocat.
1442 3040 1665 3084 eorum
1720 3040 1957 3105 magna
2008 3042 2159 3105 pars
2215 3043 2405 3106 supe-

317 3124 352 3172 4
387 3107 668 3172 rioribus
713 3106 875 3171 locis
911 3106 1084 3171 fessa
1120 3108 1515 3172 consederat.
1589 3107 1779 3171 simul
1820 3129 2003 3173 orare
2041 3114 2109 3173 et
2144 3108 2405 3175 hortari

387 3194 654 3278 milites,
696 3215 779 3258 ne
824 3194 1168 3259 deficerent
1210 3216 1338 3259 neu
1379 3199 1758 3279 paterentur
1809 3195 2020 3260 hostis
2082 3196 2402 3282 fugientis

386 3283 668 3347 vincere:
728 3303 936 3365 neque
999 3282 1132 3348 illis
1198 3288 1415 3347 castra
1469 3304 1608 3348 esse
1660 3305 1868 3368 neque
1922 3284 2402 3350 munimentum
2626 3281 2640 3396 i

386 3370 619 3453 ullum,
676 3391 803 3454 quo
859 3372 1156 3435 cedentes
1211 3372 1574 3455 tenderent3
1624 3371 1695 3436 in
1738 3373 1936 3437 armis
1985 3372 2201 3436 omnia
2248 3373 2399 3439 sita.

318 3473 350 3522 5
389 3458 499 3522 sed
535 3479 616 3522 ne
644 3456 965 3543 Iugurtha
1001 3458 1259 3542 quidem
1286 3464 1535 3523 interea
1563 3459 1818 3542 quietus
1852 3463 2017 3524 erat:
2054 3460 2402 3527 circumire
2504 3455 2520 3465 ⁶

387 3545 657 3624 hortari,
703 3567 1009 3611 renovare
1053 3547 1375 3629 proelium
1419 3551 1487 3611 et
1530 3547 1669 3629 ipse
1706 3568 1852 3613 cum
1887 3548 2152 3613 delectis
2190 3555 2399 3634 temp-
