2650 4059
709 254 999 310 BELLUM
1035 254 1424 310 CATILINAE
1463 271 1509 310 c.
1548 261 1773 311 56-59.
2164 257 2251 322 39

237 401 447 466 ficisci
473 400 893 484 nequiverim.
945 422 1116 464 nunc
1142 422 1295 464 vero
1325 421 1454 484 quo
1481 399 1627 465 loco
1664 422 1768 464 res
1802 405 2067 466 nostrae
2104 402 2254 486 sint,
2289 417 2325 467 5

122 497 135 510 ‘
237 489 423 553 iuxta
459 510 712 554 mecum
751 510 973 552 omnes
1010 487 1414 572 intellegitis·
1461 487 1780 553 exercitus
1798 489 2089 553 hostium
2106 490 2253 574 duo,
2290 508 2323 555 6

236 599 407 641 unus
445 577 527 641 ab
564 576 723 641 urbe
762 576 928 639 alter
962 598 1002 640 a
1031 574 1246 639 Gallia
1274 576 1568 659 obstant3
1595 576 1839 640 diutius
1866 576 1937 641 in
1961 576 2065 641 his
2092 578 2252 641 locis

237 687 400 748 esse,
447 664 506 728 si
542 684 840 728 maxume
878 664 1132 728 animus
1169 662 1356 747 ferat,
1399 663 1712 728 frumenti
1747 667 1942 748 atque
1980 665 2255 729 aliarum

236 774 457 817 rerum
504 756 760 838 egestas
804 751 1138 835 prohibet3
1185 771 1591 834 quocumque
1644 751 1739 816 ire
1792 753 2026 836 placet,
2078 752 2252 818 ferro
2293 772 2322 818 7

235 841 365 905 iter
402 841 825 924 aperiundum
863 843 980 904 est.
1054 861 1182 923 qua
1216 844 1487 923 propter
1519 860 1636 904 vos
1673 862 1924 924 mone0,
1960 840 2061 904 uti
2095 840 2255 904 forti
2290 857 2323 905 8

238 932 438 1012 atque
474 932 706 1011 parato
744 926 960 991 animo
999 927 1145 991 sitis
1183 931 1267 1010 et,
1305 949 1454 991 cum
1479 927 1800 1011 proelium
1825 928 2098 1013 inibitis,
2126 950 2254 992 me-

236 1015 562 1080 mineritis
581 1037 698 1080 vos
718 1015 980 1080 divitias
1000 1015 1192 1079 decus
1212 1015 1509 1100 gloriam,
1527 1019 1864 1098 praeterea
1880 1016 2255 1080 libertatem

236 1108 438 1188 atque
474 1104 759 1188 patriam
802 1103 873 1167 in
916 1102 1160 1167 dextris
1196 1104 1438 1166 vostris
1473 1108 1752 1187 portare.
1824 1104 1881 1167 si
1916 1104 2253 1189 vincimus,
2290 1123 2321 1169 9

235 1192 460 1256 omnia
502 1191 694 1256 nobis
740 1194 888 1255 tuta
922 1194 1129 1274 erunt,
1175 1195 1550 1255 conmeatus
1589 1192 1857 1292 abunde,
1902 1192 2256 1276 municipia

236 1285 438 1363 atque
484 1279 774 1344 coloniae
818 1279 1164 1363 patebunt:
1219 1278 1276 1341 si
1331 1283 1511 1342 metu
1566 1279 1976 1363 cesserimus,
2031 1281 2255 1344 eadem

233 1368 356 1431 illa
390 1367 666 1432 advorsa
699 1367 876 1451 fient,
919 1387 1127 1450 neque
1164 1366 1346 1430 locus
1381 1388 1589 1450 neque
1626 1367 1871 1431 amicus
1910 1367 2254 1451 quisquam
2294 1386 2359 1432 10

240 1459 429 1540 teget
464 1476 657 1538 quem
694 1477 875 1520 arma
907 1477 1042 1519 non
1067 1454 1367 1519 texerint.
1430 1457 1782 1538 praeterea,
1823 1454 2086 1539 militeS,
2121 1476 2255 1519 non
2294 1474 2355 1519 11

235 1544 463 1608 eadem
488 1543 678 1607 nobis
703 1547 771 1608 et
796 1542 929 1607 illis
955 1542 1366 1607 necessitudo
1386 1542 1719 1625 inpendet:
1744 1564 1864 1606 nos
1883 1564 2002 1626 pro
2020 1542 2254 1626 patria,

236 1651 359 1714 pro
404 1630 728 1714 libertate,
772 1652 892 1715 pro
929 1629 1068 1695 vita
1105 1633 1449 1713 certamus,
1494 1630 1627 1693 illis
1666 1651 2254 1714 supervacuaneum

234 1723 341 1783 est
403 1740 524 1802 pro
586 1718 884 1803 potentia
944 1740 1301 1802 paucorum
1353 1738 1663 1802 pugnare.
1762 1740 1891 1802 quo
1946 1719 2252 1783 audacius
2294 1735 2358 1782 12

234 1807 712 1891 aggrediamini
756 1828 1076 1870 memores
1121 1805 1436 1889 pristinae
1480 1806 1762 1870 virtutis.
1842 1806 2031 1876 licuit
2065 1806 2251 1871 vobis
2296 1824 2357 1870 13

237 1917 389 1959 cum
444 1916 698 1958 summa
751 1894 1154 1977 turpitudine
1199 1893 1270 1957 in
1314 1894 1508 1957 exilio
1557 1897 1840 1958 aetatem
1885 1915 2101 1980 agere,
2146 1916 2254 1978 po-

237 1982 466 2047 tuistis
519 2003 654 2047 non
705 1982 870 2046 nulli
924 1981 1172 2046 Romae
1228 1981 1488 2045 amissis
1543 1981 1733 2046 bonis
1789 1982 2032 2047 alienas
2098 2003 2252 2065 opes

235 2073 606 2153 expectare:
653 2070 806 2154 quia
840 2070 957 2133 illa
991 2069 1180 2135 foeda
1216 2073 1412 2152 atque
1449 2069 1857 2135 intoleranda
1892 2071 2049 2134 viris
2085 2071 2254 2134 vide-
2294 2086 2360 2135 14

236 2160 506 2241 bantur,
568 2158 728 2223 haec
791 2157 977 2240 sequi
1038 2157 1432 2222 decrevistis
1532 2157 1590 2221 si
1659 2157 1820 2222 haec
1891 2159 2253 2240 relinquere
2296 2176 2357 2222 15

236 2245 458 2329 voltis,
495 2246 762 2310 audacia
800 2267 962 2329 opus
1000 2249 1128 2309 est:
1170 2267 1363 2310 nemo
1398 2245 1527 2309 nisi
1563 2245 1774 2309 victor
1809 2267 1967 2329 pace
2006 2245 2252 2309 bellum

238 2333 538 2398 mutavit.
628 2355 780 2397 nam
834 2334 904 2397 in
954 2333 1112 2418 fuga
1167 2333 1446 2396 salutem
1501 2353 1788 2416 sperare,
1851 2354 1999 2397 cum
2054 2354 2253 2415 arma,
2295 2350 2358 2397 16

237 2422 477 2506 quibus
507 2442 739 2506 corpus
769 2421 1035 2506 tegitur,
1062 2422 1146 2484 ab
1173 2420 1475 2485 hostibus
1506 2419 1840 2503 avorteriS,
1868 2441 1945 2484 ea
1969 2442 2123 2484 vero
2152 2420 2254 2483 de-

238 2510 490 2574 mentia
534 2514 652 2575 est.
742 2530 995 2593 semper
1030 2509 1101 2572 in
1134 2507 1385 2592 proelio
1423 2507 1515 2571 eis
1554 2529 1929 2572 maxumum
1965 2511 2066 2571 est
2092 2508 2255 2590 peri·
2296 2525 2357 2571 17

236 2598 476 2681 culum,
514 2597 627 2681 qui
664 2618 962 2662 maxume
999 2596 1261 2661 timent:
1299 2596 1568 2660 audacia
1596 2617 1714 2679 pro
1744 2616 1930 2660 muro
1957 2595 2253 2659 habetur.

374 2684 540 2750 Cum
583 2707 700 2750 vos
747 2685 1109 2768 considere,
1165 2684 1436 2767 milites,
1490 2688 1559 2748 et
1612 2705 1758 2749 cum
1810 2683 1987 2749 facta
2030 2688 2256 2749 vostra
2297 2699 2359 2748 18

236 2778 564 2857 aestumO,
636 2793 876 2859 magna
937 2794 1041 2837 me
1105 2794 1252 2857 spes
1323 2772 1635 2837 victoriae
1696 2775 1893 2837 tenet.
2001 2772 2254 2840 animus
2297 2787 2359 2835 19

237 2866 421 2926 aetas
467 2861 674 2926 virtus
720 2865 945 2925 vostra
998 2882 1100 2924 me
1154 2860 1531 2943 hortantur,
1594 2864 1931 2944 praeterea
1982 2860 2255 2926 necessi-

236 2950 418 3033 tudo,
465 2970 628 3033 quae
675 2948 875 3013 etiam
919 2948 1184 3012 timidos
1229 2947 1422 3012 fortis
1467 2947 1644 3012 facit
1714 2970 1867 3012 nam
1904 2948 2255 3012 multitudo
2293 2964 2361 3011 20

236 3038 529 3102 hostium
589 3059 671 3102 ne
726 3036 1185 3102 circumvenire
1241 3039 1454 3119 queat,
1511 3034 1861 3118 prohibent
1916 3033 2255 3119 angustiae

236 3125 383 3190 loci
468 3125 640 3209 quod
685 3125 742 3189 si
786 3124 1019 3189 virtuti
1063 3127 1323 3188 vostrae
1368 3122 1634 3187 fortuna
1667 3119 1990 3205 inviderit,
2036 3124 2255 3185 cavete
2293 3137 2359 3184 21

238 3213 434 3277 inulti
472 3213 758 3277 animam
795 3211 1136 3295 amittatis,
1170 3233 1298 3276 neu
1336 3211 1512 3294 capti
1546 3208 1768 3294 potius
1801 3208 1994 3273 sicuti
2021 3228 2258 3292 pecora

238 3300 669 3384 trucidemini,
716 3322 912 3383 quam
955 3299 1243 3365 virorum
1288 3321 1469 3364 more
1512 3301 1881 3383 pugnantes
1920 3299 2256 3362 cruentam

239 3392 435 3472 atque
481 3387 849 3452 luctuosam
891 3386 1236 3453 victoriam
1279 3385 1582 3451 hostibus
1628 3382 2052 3470 relinquatis?

369 3473 551 3540 Haec
593 3475 717 3540 ubi·
751 3475 934 3559 dixit,
978 3474 1315 3558 paululum
1353 3476 1767 3538 conmoratus
1806 3473 1994 3559 signa
2029 3492 2257 3536 canere
2278 3472 2360 3534 59

239 3562 424 3627 iubet
484 3567 680 3647 atque
724 3562 1084 3629 instructos
1130 3561 1387 3626 ordines
1432 3561 1504 3624 in
1554 3558 1771 3624 locum
1826 3580 2101 3645 aequom
2156 3558 2259 3622 de·
