2650 4059
683 244 980 300 BELLUM
1014 246 1534 303 IUGURTHINUM
1571 264 1617 303 0.
1659 253 1812 304 1-4.
2174 249 2262 312 43

234 392 616 453 senescunt:
653 390 909 455 animus
945 391 1373 475 ineonruptus
1411 396 1713 456 aeternus
1749 396 1966 457 rector
1994 391 2263 457 humani

234 477 497 564 generis
544 477 686 563 agit
732 482 928 562 atque
983 479 1185 544 habet
1241 483 1474 544 cuneta
1517 501 1727 564 neque
1782 480 1922 564 ipse
1965 480 2261 546 habetur.

372 564 517 641 Quo
555 565 768 651 magis
805 567 1097 650 pravitas
1141 588 1365 631 eorum
1403 567 1783 632 admiranda
1818 572 1937 652 est,
1984 568 2113 652 qui,
2159 570 2261 632 de·
2297 583 2332 631 4

236 651 362 716 diti
400 653 692 736 eorporis
731 654 1005 739 gaudiis,
1049 676 1166 738 per
1210 655 1437 719 luxum
1483 660 1550 720 et
1594 654 1922 741 ignaviam
1978 659 2261 722 aetatem

236 744 472 826 agunt,
538 745 826 806 ceterum
887 742 1247 828 ingenium,
1313 765 1442 826 quo
1503 764 1713 827 neque
1767 744 1999 808 melius
2052 765 2261 827 neque

237 828 521 912 amplius
569 829 746 894 aliud
791 829 862 894 in
904 834 1142 894 natura
1186 831 1568 895 mortalium
1614 835 1733 915 est,
1777 831 2029 896 incultu
2066 835 2260 915 atque

236 916 540 982 socordia
564 921 934 1000 torpescere
962 918 1203 1000 sinunt,
1241 940 1390 983 eum
1424 919 1812 1002 praesertim
1850 923 1987 983 tam
2014 920 2260 985 multae

235 1004 583 1088 variaeque
641 1005 776 1070 sint
829 1009 1005 1071 artes
1053 1004 1281 1091 animi,
1342 1006 1577 1090 quibus
1634 1029 1888 1072 summa
1942 1008 2259 1072 claritudo

236 1096 523 1176 paratur.

370 1179 620 1245 Verum
676 1202 756 1244 ex
801 1181 896 1245 eis
952 1181 1380 1266 magistratus
1441 1185 1509 1246 et
1564 1183 1864 1266 imperia,
1925 1187 2258 1267 postremo
2279 1185 2320 1248 3

237 1267 451 1333 omnis
497 1290 652 1333 eura
696 1290 913 1333 rerum
957 1270 1366 1353 publicarum
1412 1270 1697 1334 minume
1743 1270 1906 1334 mihi
1941 1271 2066 1336 hae
2101 1275 2261 1336 tem-

236 1360 494 1439 pestate
524 1357 845 1440 cupiunda
871 1357 1190 1441 videntur,
1221 1357 1530 1441 quoniam
1554 1379 1765 1442 neque
1792 1358 2025 1422 virtuti
2050 1359 2259 1423 honos

236 1445 433 1509 datur
474 1465 683 1528 neque
728 1445 844 1528 illi,
892 1445 1127 1529 quibus
1174 1467 1292 1529 per
1336 1445 1631 1509 fraudem
1674 1446 1735 1510 is
1779 1445 1925 1528 fuit,
1969 1446 2100 1509 tuti
2146 1450 2261 1510 aut

237 1553 315 1596 eo
355 1531 566 1618 magis
603 1532 865 1597 honesti
903 1537 1072 1597 sunt.
1135 1555 1289 1597 nam
1317 1534 1384 1598 vi
1422 1532 1682 1616 quidem
1717 1554 1942 1618 regere
1975 1534 2260 1618 patriam
2297 1550 2328 1597 2

234 1623 355 1684 aut
399 1620 708 1703 parentis,
755 1641 1148 1704 quamquam
1193 1625 1261 1686 et
1303 1621 1519 1706 possis
1566 1625 1634 1686 et
1670 1621 1907 1686 delicta
1951 1621 2259 1706 corrigas,

237 1712 462 1771 tamen
504 1707 930 1792 inportunum
976 1713 1103 1793 est,
1150 1731 1297 1774 eum
1342 1710 1728 1792 praesertim
1773 1731 1997 1774 omnes
2041 1731 2259 1774 rerum

238 1794 636 1860 mutationes
684 1798 945 1861 eaedem
989 1796 1216 1882 fugam
1253 1797 1509 1881 aliaque
1547 1797 1818 1861 hostilia
1849 1799 2259 1882 portendant.

232 1883 487 1948 frustra
531 1887 750 1947 autem
784 1883 911 1949 niti
946 1906 1153 1968 neque
1187 1885 1364 1949 aliud
1401 1906 1469 1949 se
1497 1884 1837 1970 fatigando
1873 1885 2002 1950 nisi
2039 1886 2259 1950 odium
2296 1903 2330 1950 3

236 1992 550 2056 quaerere
597 1975 922 2036 extremae
968 1972 1332 2037 dementiae
1377 1976 1497 2056 est,
1540 1973 1671 2038 nisi
1714 1972 1886 2038 forte
1929 1995 2121 2056 quem
2165 1974 2259 2037 in-
2293 1989 2329 2036 4

234 2059 520 2123 honesta
554 2062 623 2124 et
653 2060 1020 2143 perniciosa
1054 2061 1279 2126 lubido
1317 2064 1499 2125 tenet
1534 2061 1868 2145 potentiae
1902 2083 2260 2146 paucorum

234 2147 435 2212 deeus
482 2151 677 2230 atque
722 2148 1097 2213 libertatem
1143 2170 1328 2213 suam
1372 2148 1748 2233 gratificari.

376 2233 690 2301 Ceterum
727 2258 806 2300 ex
834 2236 980 2300 aliis
1017 2237 1322 2337 negotiis,
1363 2258 1526 2319 quae
1562 2235 1823 2322 ingenio
1862 2242 2259 2321 exercentur,
2277 2238 2322 2301 4

237 2323 310 2386 in
353 2323 583 2406 primis
629 2344 868 2408 magno
914 2324 1062 2389 usui
1120 2328 1223 2388 est
1277 2325 1593 2389 memoria
1644 2345 1862 2387 rerum
1907 2329 2257 2408 gestarum.

238 2410 423 2476 euius
452 2412 530 2474 de
557 2411 800 2476 virtute
838 2412 993 2495 quia
1018 2412 1211 2476 multi
1238 2412 1479 2495 dixere,
1509 2411 2050 2495 praetereundum
2077 2416 2258 2496 put0‚
2296 2429 2327 2475 2

238 2498 437 2563 simul
481 2519 563 2563 ne
607 2522 724 2583 per
768 2498 1201 2585 insolentiam·
1241 2499 1388 2583 quis
1435 2500 1786 2563 existumet
1840 2503 2081 2562 memet
2127 2503 2258 2564 stu-

238 2586 421 2651 dium
466 2608 683 2651 meum
727 2586 1046 2652 laudando
1094 2588 1423 2653 extollere.
1470 2591 1666 2670 atque
1712 2606 1835 2673 ego
1882 2587 2072 2651 eredo
2118 2586 2257 2652 fore
2296 2605 2326 2651 3

236 2674 373 2757 qui,
419 2674 574 2758 quia
617 2675 870 2740 deerevi
913 2675 1142 2759 procul
1197 2697 1237 2739 a
1282 2698 1352 2740 re
1396 2675 1659 2759 publiea
1713 2679 1996 2739 aetatem
2050 2696 2258 2761 agere,

238 2765 430 2826 tanto
487 2766 750 2845 tamque
803 2763 954 2827 utili
1007 2763 1220 2827 labori
1274 2785 1419 2828 meo
1473 2785 1712 2828 nomen
1763 2762 2033 2828 inertiae
2079 2765 2259 2848 inpo-

238 2853 422 2933 nant,
470 2855 644 2914 certe
691 2850 926 2934 quibus
974 2872 1279 2915 maxuma
1322 2851 1647 2915 industria
1680 2850 1937 2916 videtur
1973 2852 2258 2916 salutare

234 2937 498 3022 plebem
545 2941 611 3002 et
657 2938 968 3002 conviviis
1017 2938 1297 3023 gratiam
1346 2960 1668 3021 quaerere.
1743 2939 1855 3021 qui
1901 2940 1959 3004 si
2003 2943 2258 3023 reputa-
2295 2958 2327 3001 4

236 3024 472 3109 verint,
519 3029 587 3090 et
633 3024 870 3109 quibus
917 3046 1040 3111 ego
1078 3027 1483 3111 temporibus
1520 3025 1947 3110 magistratus
1985 3027 2258 3109 adeptus

232 3127 367 3178 sun
278 3103 481 3177 et
527 3114 777 3197 quales
788 3114 912 3178 viri
947 3114 1122 3177 idem
1158 3114 1427 3197 adsequi
1460 3113 1871 3197 nequiverint
1916 3117 1985 3177 et
2027 3118 2259 3197 postea

237 3222 404 3285 quae
462 3221 701 3285 genera
752 3201 1089 3267 hominum
1148 3201 1220 3266 in
1274 3204 1572 3266 senatum
1625 3201 2061 3284 pervenerint,
2115 3222 2261 3301 pro-

237 3287 413 3353 feeto
469 3288 959 3354 existumabunt
1018 3312 1121 3353 me
1177 3290 1391 3374 magis
1455 3289 1690 3352 merito
1749 3309 1946 3371 quam
1998 3288 2262 3373 ignavia

236 3375 551 3442 iudicium
605 3376 805 3441 animi
861 3378 989 3441 mei
1045 3378 1401 3442 mutavisse
1455 3377 1791 3459 maiusque
1852 3377 2260 3442 commodum

238 3485 317 3528 ex
363 3464 502 3530 otio
557 3485 703 3529 meo
761 3486 957 3548 quam
1011 3486 1090 3529 ex
1145 3465 1424 3530 aliorum
1475 3464 1761 3549 negotiis
1815 3464 1911 3530 rei
1962 3464 2262 3549 publicae

237 3556 604 3618 venturum.
691 3573 847 3617 nam
902 3574 1093 3635 saepe
1148 3574 1271 3637 ego
1336 3553 1553 3619 audivi
1609 3552 1683 3628 Q.
1730 3552 2135 3630 Maxumum,
2188 3550 2259 3617 P.
2298 3567 2330 3615 ὅ
