2650 4059
376 216 457 279 72
1025 215 1082 270 C.
1122 213 1464 270 SALLUSTI
1500 212 1749 269 CRISPI-

370 359 619 444 placide
666 360 1081 443 modesteque
1125 359 1300 424 inter
1347 380 1414 423 se
1456 380 1594 423 rem
1630 358 1959 443 publicam
1998 361 2401 446 tractabant,

370 470 577 532 neque
623 447 870 534 gloriae
914 469 1121 531 neque
1159 446 1620 511 dominationis
1660 451 1989 512 certamen
2021 448 2195 514 inter
2233 449 2398 515 civis

372 540 537 600 erat:
583 541 795 601 metus
839 535 1103 600 hostilis
1149 535 1219 599 in
1262 535 1453 599 bonis
1500 534 1750 599 artibus
1789 535 2123 601 civitatem
2159 537 2399 602 retine-

303 640 335 687 3
373 624 507 689 bat.
598 625 710 689 sed
762 624 876 688 ubi
929 623 1046 688 illa
1089 622 1371 688 formido
1417 622 1744 687 mentibus
1789 622 2094 709 decessit,
2142 625 2401 690 scilicet

15 769 76 887 j
202 789 214 805 1
338 725 467 885 lea,
515 734 678 796 quae
724 734 826 777 res
874 711 1188 776 secundae
1235 714 1483 795 amant,
1529 710 1797 776 lascivia
1842 715 2038 795 atque
2084 714 2394 798 superbia

371 801 706 880 ’ὲῃῼβ-Β-ΒῌΩ,
770 800 867 864 ita
903 799 1076 883 quod
1100 799 1171 864 in
1204 799 1495 864 advorsis
1524 799 1718 863 rebus
1749 803 2133 883 optaverant
2163 800 2395 884 otium,

302 903 333 951 5
370 892 723 973 postquam
760 887 978 971 adepti
1016 892 1187 972 sunt,
1224 885 1516 970 asperius
1555 887 1976 971 acerbiusque
2010 887 2157 953 fuit.
2212 911 2396 954 nam-

374 997 497 1059 que
543 997 810 1059 coepere
854 975 1165 1040 nobilitas
1213 974 1628 1059 dignitatem,
1681 975 1960 1059 populus
2015 976 2395 1041 libertatem

10 1063 443 1153 12⁹me
495 1063 854 1128 lubidinem
897 1068 1170 1147 vortere,
1222 1063 1350 1127 sibi
1395 1063 1667 1147 quisque
1713 1062 1943 1129 ducere
1989 1064 2245 1129 trahere
2279 1088 2394 1138 m-

26 1150 325 1264 Q
369 1173 540 1235 pere.
630 1151 727 1215 ita
790 1152 1006 1216 omnia
1067 1151 1137 1215 in
1182 1151 1341 1215 duas
1386 1151 1603 1234 ,partis
1660 1150 1920 1217 abstrac
1953 1174 1992 1216 a
2045 1156 2225 1237 sunt,
2285 1176 2395 1218 res

304 1256 334 1303 6
370 1238 658 1323 publica,
715 1261 876 1323 quae
932 1239 1144 1304 media
1187 1239 1403 1303 fuerat
1411 1290 1429 1322 ,
1489 1238 1854 1304 dilacerata.
1874 1156 2233 1340 Vectemm
2278 1264 2402 1321 no-.

28 1312 309 1520 &a
371 1325 595 1391 bilitas
649 1326 932 1393 factione
988 1327 1197 1413 magis
1229 1327 1569 1411 pollebat,
1621 1326 1833 1411 plebis
1879 1327 1977 1391 vis
2035 1328 2253 1393 soluta
2272 1332 2280 1340 '
2296 1333 2398 1394 at-

306 1431 335 1479 ’1
376 1436 500 1499 que
546 1416 838 1500 dispersa
872 1416 943 1480 in
977 1415 1397 1480 multitudine
1433 1414 1646 1479 minus
1681 1419 1958 1498 poterat.
2031 1438 2395 1500 paucorum
2440 1496 2446 1502 ⁴

375 1504 648 1568 arbitrio
693 1505 852 1580 belli
896 1504 1197 1587 domique
1235 1502 1638 1588 agitabatur3
1680 1524 1878 1587 penes
1921 1505 2179 1569 eosdem
2218 1527 2397 1570 aera—

373 1592 543 1656 rium
561 1592 929 1675 provinciae
959 1591 1405 1675 magistratus,
1433 1590 1679 1676 gloriae
1707 1591 2150 1676 triumphique
2176 1598 2396 1658 erant:

41 1670 311 1750 duam
371 1679 649 1762 populus
697 1678 936 1743 militia
982 1682 1175 1762 atque
1212 1679 1434 1762 inopia
1469 1679 1851 1765 urgebatur3
1894 1681 2167 1763 praedas
2209 1682 2397 1747 belli—

193 1792 208 1834 :
304 1784 335 1829 8
375 1788 482 1830 cas
526 1767 950 1850 imperatores
988 1789 1134 1831 cum
1169 1765 1394 1851 paucis
1432 1766 1842 1851 diripiebant,
1885 1767 2133 1834 interea
2166 1790 2398 1853 paren-

71 1853 90 1898 s
144 1880 327 1943 -dua,
372 1858 472 1918 tes
533 1859 647 1917 aut
700 1855 884 1937 parvi
938 1855 1128 1919 liberi
1184 1855 1496 1938 militum,
1549 1855 1652 1918 uti
1706 1854 1977 1939 quisque
2032 1858 2395 1940 potentiori
2464 1898 2536 1928 Q

10 1885 245 2044 &aa
251 1942 646 2050 1:222on
701 1946 867 2043 erat,
924 1943 1181 2007 sedibus
1236 1943 1662 2044 pellebantur.
1753 1943 1850 2008 ita
1902 1966 2050 2009 cum
2093 1947 2399 2028 potentia
2469 1930 2546 2027 ξ’

376 2033 651 2094 avantla
697 2051 834 2095 sme
881 2032 1073 2096 modo
1120 2031 1566 2115 modestiaque
1609 2031 1930 2116 mvadere,
1985 2032 2277 2116 polluere
2324 2039 2399 2098 et

30 2089 181 2150 (ΜΦ
215 2116 282 2150 ‘¹‘
373 2121 628 2202 gas-tage
676 2119 912 2203 omnia,
955 2118 1120 2183 nihil
1156 2120 1342 2203 pensi
1378 2141 1588 2202 neque
1627 2114 1836 2184 sancti
1868 2119 2130 2205 Q
2175 2142 2307 2205 quo

27 2169 258 2431 ²15⁵}
268 2172 337 2331 ἶῖ)
365 2209 581 2270 semet
625 2206 770 2290 ipsa
813 2207 1286 2293 praecipitavit.
1374 2229 1528 2272 nam
1570 2207 1685 2271 ubi
1724 2207 2008 2291 primum
2043 2230 2121 2272 ex
2155 2210 2393 2274 nobili·
2471 2193 2495 2282 ⁴,

37 2345 38 2348 η
374 2296 512 2359 tate
566 2295 807 2379 reperti
861 2300 1014 2361 sunt
1071 2295 1183 2380 qui
1236 2317 1456 2359 veram
1513 2295 1793 2380 gloriam
1842 2295 2121 2361 iniustae
2165 2302 2395 2381 poten-

10 2465 355 2594 μὶαᾜμρᾼ2
376 2472 564 2573 quasi
616 2472 965 2556 permixtio
1020 2477 1232 2537 terrae
1289 2471 1447 2535 oriri
1501 2471 1732 2573 coepit.
1808 2493 1982 2572 nam
2038 2477 2387 2574 postquam

49 2601 94 2632 Τ
203 2575 312 2638 sm,
359 2591 364 2596 ·
454 2610 467 2623 .
505 2564 572 2624 et
610 2558 678 2625 O.
709 2558 1058 2643 Gracchus,
1097 2581 1373 2643 quorum
1411 2581 1688 2624 maiores
1725 2558 1971 2623 Pumco
2007 2563 2204 2644 atque
2243 2562 2392 2625 alus

273 2651 310 2716 j
418 2647 562 2712 ellis
617 2648 896 2711 multum
950 2647 1044 2711 rei
1088 2647 1388 2729 publicae
1436 2647 1837 2731 addiderant,
1887 2646 2213 2712 vindicare
2257 2649 2387 2733 ple-

372 2736 523 2799 bem
558 2735 628 2797 in
664 2734 1038 2799 libertatem
1075 2737 1142 2797 et
1177 2756 1530 2818 paucorum
1569 2735 1811 2799 scelera
1845 2734 2209 2817 patefacere
2248 2758 2389 2801 coe-

79 2381 90 2389 ’
221 2363 355 2444 edm
374 2382 503 2447 tiae
558 2387 1051 2468 anteponerent,
1105 2383 1353 2448 moveri
1407 2383 1637 2448 civitas
1693 2387 1759 2447 et
1814 2382 2133 2449 dissensio
2179 2385 2394 2449 civilis
2451 2376 2459 2382 ’

2613 614 2640 696 1

2638 965 2641 1060 l

2632 2031 2648 2186 ἢ

2631 2249 2648 2268 t

2642 2409 2648 2548 A

2590 2623 2599 2637 ⁶
2643 2565 2648 2698 l

325 2826 330 2831 ’
372 2843 552 2906 pere,
613 2821 925 2886 nobilitas
988 2821 1185 2886 noxia
1248 2825 1445 2907 atque
1509 2844 1585 2887 eo
1656 2822 1955 2906 perculsa
2006 2820 2236 2909 Μ’
2273 2846 2391 2908 per
2495 2837 2553 2851 ·“
2636 2851 2648 2878 ι

374 2909 585 2974 socios
640 2931 715 2974 ae
766 2931 1004 2974 nomen
1048 2908 1384 2993 Latinum,
1434 2910 1505 2992 ρ’
1507 2910 1759 2975 terdum
1805 2932 1922 2994 per
1965 2912 2216 2995 equites
2262 2911 2391 2977 Ro·

374 3019 620 3081 manos,
666 3019 829 3081 quos
876 3019 1023 3081 spes
1070 2997 1405 3062 societatis
1451 3020 1492 3062 a
1535 2998 1724 3082 plebe
1770 2999 2146 3084 dimoverat,
2195 2998 2392 3067 Grac-

374 3085 642 3151 chorum
698 3085 1064 3150 actionibus
1121 3085 1379 3150 obviam
1425 3087 1615 3171 ierat,
1671 3090 1737 3150 et
1780 3086 1993 3171 primo
2039 3087 2397 3174 Tiberium,

374 3174 522 3239 dein
574 3195 815 3256 paucos
869 3177 1022 3257 post
1077 3195 1279 3238 annos
1335 3174 1557 3238 eadem
1610 3174 2080 3259 ingredientem
2135 3174 2392 3262 Gaium,

373 3262 708 3326 tribunum
782 3261 1059 3326 alterum
1134 3262 1411 3326 alterum
1475 3262 1889 3327 triumvirum
1951 3263 2224 3328 coloniis
2286 3265 2392 3329 de·

304 3366 336 3414 2
377 3348 717 3433 ducundiS,
773 3371 921 3414 cum
965 3348 1051 3414 M.
1096 3348 1328 3415 Fulvio
1374 3349 1610 3415 Flacco
1654 3350 1829 3415 ferro
1873 3355 2233 3418 necaverat.
2324 3357 2397 3418 et
2465 3402 2469 3405 >

247 3477 262 3494 ι
374 3458 526 3502 sane
593 3435 902 3502 Gracchis
969 3437 1265 3522 cupidine
1328 3438 1642 3503 victoriae
1703 3437 1876 3502 haud
1952 3439 2114 3503 satis
2177 3440 2392 3522 mode·

302 3542 333 3588 3
373 3528 554 3589 ratus
610 3525 863 3590 animus
918 3524 1060 3590 fuit.
1153 3525 1265 3589 sed
1319 3525 1492 3590 bono
1548 3526 1720 3590 vinci
1775 3525 1981 3590 satius
2039 3531 2139 3591 est
2194 3549 2391 3611 quam
