2650 4059
444 259 529 326 86
1052 327 1058 331 ,
1095 258 1152 314 0.
1191 257 1539 315 SALLUSTI
1575 257 1811 316 omem.

374 422 406 469 2
443 426 527 471 ne
571 403 686 468 illo
734 406 1078 469 cunctante
1122 402 1444 467 Numidae
1492 403 1616 469 sibi
1664 404 2022 472 consulant
2111 403 2217 470 his
2265 408 2473 489 atque

445 492 689 557 talibus
763 491 908 556 aliis
983 490 1064 555 ad
1123 490 1516 556 deditionem
1586 491 1760 576 regis
1834 491 2120 556 animum
2183 492 2470 577 inpellit.

375 596 407 644 3
445 580 801 646 mittuntur
845 579 927 643 ad
970 579 1433 663 imperatorem
1475 578 1706 663 legati,
1753 579 1864 663 qui
1909 578 2301 680 Iugurtham
2349 580 2473 647 im-

435 672 672 753 perata
725 663 1050 732 facturum
1103 666 1393 731 dicerent
1455 688 1529 733 ac
1583 666 1722 731 sine
1773 668 1911 731 ulla
1961 667 2264 751 pactione
2321 690 2471 733 sese

375 772 410 819 4
447 777 846 842 regnumque
912 776 1101 820 suum
1162 755 1233 820 in
1294 754 1471 819 illius
1533 755 1728 819 fidem
1792 755 2061 819 tradere.
2144 753 2468 821 Metellus

443 865 716 928 propere
772 848 1038 908 cunctos
1094 842 1406 908 senatorii
1461 842 1703 908 ordinis
1758 863 1837 907 ex
1878 842 2168 908 hibernis
2215 846 2469 909 accersi

444 932 654 1010 iubet;
713 952 936 996 eorum
981 935 1050 995 et
1096 930 1398 1015 aliorum,
1446 952 1608 1015 quos
1652 931 1919 995 idoneos
1956 931 2258 1016 ducebat,
2316 955 2469 997 con·

375 1036 407 1083 5
445 1019 665 1084 silium
717 1018 933 1084 habet.
1021 1018 1120 1083 ita
1174 1040 1352 1084 more
1408 1019 1727 1084 maiorum
1781 1040 1860 1084 ex
1914 1019 2144 1084 consili
2198 1021 2466 1086 decreto
2582 1013 2601 1032 ⁵

443 1129 561 1191 per
603 1107 857 1191 legatos
903 1105 1260 1192 Iugurthae
1304 1106 1585 1190 imperat
1630 1106 1885 1192 argenti
1929 1108 2143 1191 pondo
2181 1109 2468 1174 ducenta

443 1194 642 1278 milia,
679 1194 1058 1278 elephantos
1086 1194 1317 1277 omnis,
1354 1215 1668 1278 equorum
1704 1200 1771 1260 et
1808 1216 2134 1260 armorum
2171 1196 2466 1281 aliquan-

372 1299 405 1348 6
443 1286 602 1347 tum.
702 1304 866 1367 quae
927 1285 1280 1367 postquam
1344 1281 1481 1346 sine
1545 1304 1730 1347 mora
1788 1282 1966 1347 facta
2028 1288 2209 1369 sunt,
2273 1286 2465 1350 iubet

373 1387 403 1435 '1
442 1370 653 1435 omnis
706 1369 1013 1456 perfugas
1069 1370 1324 1435 vinctos
1381 1370 1627 1435 adduci.
1716 1392 1941 1435 eorum
1993 1392 2232 1457 magna
2286 1395 2467 1456 pars,

441 1458 542 1523 uti
587 1459 839 1524 iussum
883 1462 1051 1542 erat,
1097 1457 1386 1541 adducti,
1430 1458 1647 1542 pauci,
1693 1480 1840 1524 cum
1882 1459 2165 1542 primum
2212 1460 2467 1527 deditio

442 1546 685 1630 coepit,
741 1546 823 1610 ad
867 1566 1087 1631 regem
1131 1544 1465 1611 Bocchum
1505 1546 1578 1610 in
1622 1545 2096 1612 Mauretaniam
2140 1548 2460 1613 abierant.

370 1649 403 1697 8
440 1634 645 1718 igitur
690 1633 1030 1733 Iugurtha,
1075 1634 1188 1699 ubi
1236 1633 1435 1698 armis
1482 1633 1764 1717 virisque
1811 1637 1878 1699 et
1912 1636 2184 1720 pecunia
2222 1636 2463 1720 spolia-

440 1725 547 1785 tus
594 1726 712 1805 est,
758 1743 905 1786 cum
948 1721 1089 1805 ipse
1135 1720 1215 1785 ad
1259 1721 1708 1822 imperandum
1743 1722 2061 1787 Tisidium
2095 1728 2460 1807 vocaretur,

68 1843 108 1882 s
89 1794 416 1890 hadra
441 1830 665 1873 rursus
711 1808 927 1893 coepit
959 1808 1241 1880 flentem
1265 1809 1567 1874 animum
1612 1831 1800 1875 suum
1854 1814 1922 1875 et
1966 1833 2046 1875 ex
2091 1812 2264 1877 mala
2308 1834 2461 1877 con

240 2612 289 2640 m

370 1911 403 1959 9
441 1896 714 1962 scientia
758 1896 956 1982 digna
1000 1897 1247 1962 timere.
1320 1897 1593 1981 denique
1640 1898 1869 1963 multis
1912 1898 2139 1964 diebus
2183 1921 2300 1984 per
2342 1900 2461 1965 du-

439 1984 828 2049 bitationem
874 1985 1304 2069 consumptis,
1360 2006 1507 2050 cum
1561 1986 1754 2051 modo
1810 1986 2025 2051 taedio
2079 2009 2294 2052 rerum
2347 2010 2462 2056 aaz·

438 2092 776 2136 vorsarum
813 2072 1032 2137 omnia
1056 2072 1230 2138 bello
1257 2074 1519 2173 potiora
1546 2075 1826 2157 duceret,
1870 2074 2196 2139 interdum
2232 2097 2459 2142 secum

437 2156 578 2244 ipse
641 2163 1000 2245 reputaret,
1064 2182 1260 2244 quam
1323 2161 1542 2246 gravis
1608 2183 1794 2227 casus
1857 2162 1928 2226 in
1980 2163 2318 2228 servitium
2374 2186 2459 2229 ex

438 2267 639 2333 regno
683 2248 882 2332 foret,
946 2248 1171 2314 multis
1227 2249 1610 2334 magnisque
1663 2250 2003 2334 praesidiis
2057 2251 2460 2336 nequiquam

340 2350 399 2399 ιο
434 2335 708 2420 perditis
755 2337 833 2401 de
876 2337 1135 2423 integro
1182 2336 1428 2402 bellum
1473 2337 1689 2402 sumit.
1781 2343 1848 2403 et
1893 2337 2141 2403 Romae
2188 2344 2457 2406 senatus

437 2424 515 2489 de
558 2424 910 2509 provinciis
958 2424 1293 2491 consultus
1325 2423 1703 2490 Numidiam
1747 2425 2015 2491 Metello
2060 2428 2458 2493 decreverat.

331 2510 416 2578 63
570 2511 695 2577 Per
730 2513 901 2578 idem
938 2517 1196 2597 tempus
1233 2511 1467 2578 Uticae
1503 2512 1674 2578 forte
1702 2512 1772 2579 O.
1799 2513 2009 2580 Mario
2045 2537 2163 2599 per
2198 2516 2458 2582 hostias

435 2600 537 2677 dis
597 2592 991 2687 supplicanti
1054 2621 1293 2685 magna
1347 2604 1543 2685 atque
1607 2601 1933 2667 mirabilia
1986 2604 2289 2687 portendi
2341 2605 2459 2670 ha-

436 2709 673 2770 ruspex
719 2688 995 2752 dixerat.
1049 2687 1318 2771 proinde
1375 2710 1537 2773 quae
1593 2689 1807 2755 animo
1864 2690 2189 2776 agitabat,
2243 2691 2457 2758 fretus

437 2774 535 2838 dis
599 2779 850 2861 ageret,
913 2774 1246 2839 fortunam
1300 2797 1508 2860 quam
1561 2777 1997 2862 saepissume·
2024 2780 2458 2864 experiretur:

365 2877 398 2925 2
438 2866 670 2927 cuncta
724 2882 1031 2946 prospere
1085 2865 1410 2929 eventura.
1501 2868 1570 2930 at
1622 2865 1809 2930 illum
1869 2866 2003 2931 iam
2058 2871 2253 2932 antea
2305 2890 2457 2934 con-

437 2949 690 3016 sulatus
735 2949 965 3035 ingens
1003 2950 1235 3035 cupido
1272 2952 1669 3038 exagitabat,
1714 2953 1795 3017 ad
1833 2975 2025 3037 quem
2063 2956 2455 3040 capiundum

434 3048 694 3122 praeter
738 3040 1133 3103 vetustatem
1179 3038 1462 3105 familiae
1507 3040 1637 3105 alia
1673 3041 1892 3106 omnia
1937 3044 2190 3109 abunde
2237 3048 2454 3109 erant:

434 3125 757 3190 industria
808 3124 1136 3210 probitas,
1200 3127 1473 3192 militiae
1536 3149 1773 3214 magna
1830 3130 2129 3212 scientia,
2192 3132 2453 3197 animus

436 3212 593 3278 belli
657 3213 887 3299 ingens
965 3178 1142 3280 domi
1209 3216 1525 3300 modicuS,
1588 3217 1896 3282 lubidinis
1951 3223 2019 3283 et
2073 3182 2454 3285 divitiarum

435 3301 661 3385 victor,
707 3304 965 3365 tantum
1010 3303 1201 3368 modo
1247 3303 1495 3388 gloriae
1541 3304 1783 3369 avidus.

113 3408 135 3422 ⁴
253 3434 261 3439 -
360 3404 395 3452 8
576 3386 704 3453 Sed
759 3388 817 3453 is
878 3393 1072 3455 natus
1128 3394 1195 3456 et
1250 3413 1508 3456 omnem
1564 3392 1914 3476 pueritiam
1967 3392 2204 3478 Arpini
2258 3396 2456 3481 altus,

434 3475 548 3540 ubi
591 3476 875 3560 primum
919 3482 1099 3542 aetas
1145 3478 1419 3545 militiae
1465 3480 1721 3564 patiens
1767 3480 1922 3564 fuit,
1970 3482 2313 3566 stipendiis
2359 3484 2455 3550 fa-

433 3563 702 3650 ciundis,
745 3587 877 3631 non
915 3564 1163 3631 Graeca
1207 3566 1508 3632 facundia
1550 3589 1758 3653 neque
1803 3569 2069 3635 urbanis
2106 3572 2455 3640 munditiis

2628 1639 2629 1682 l

2626 1745 2630 1782 ἵ
