2650 4059
613 237 930 294 SELECTA
963 238 1319 295 VETERUM
1353 240 1825 297 TESTIMONIA.
2142 242 2245 298 XV

216 387 297 446 ad
353 385 665 447 Cercinam
709 389 972 448 insulam
1025 406 1262 467 versus,
1309 408 1492 467 quam
1546 389 1875 451 adversarii
1932 391 2242 470 tenebant,

216 494 358 534 cum
400 479 576 552 parte
611 476 862 537 navium
897 477 985 536 ire
1021 476 1208 555 iubet,
1254 477 1417 554 quod
1460 476 1549 536 ibi
1592 497 1880 556 magnum
1925 499 2243 540 numerum

215 563 511 623 frumenti
556 581 686 623 esse
732 563 1034 623 audiebat.

351 687 488 746 ibid,
535 688 636 754 34,
681 689 737 746 1.
783 688 854 745 3.·

350 792 460 850 per
503 773 665 833 idem
709 777 949 852 tempus
994 772 1058 835 C.
1113 774 1441 835 Sallustius
1489 773 1761 854 Crispus,
1808 794 1988 854 quem
2031 777 2241 854 paucis

216 863 360 920 ante
421 859 633 922 diebus
691 863 943 922 missum
1002 881 1040 922 a
1097 860 1352 923 Caesare
1426 881 1564 922 cum
1622 865 1811 924 classe
1872 865 2241 925 demonstra·

222 949 439 1026 vimus,
482 948 792 1009 Cercinam
836 951 1128 1027 pervenit.
1203 997 1216 1010 .
1248 998 1261 1010 .
1291 997 1305 1009 .
1337 951 1665 1011 Sallustius
1708 952 1953 1012 interim
1997 956 2242 1030 praetor

217 1056 257 1095 a
302 1035 697 1097 Cercinitanis
750 1040 1031 1115 receptus
1086 1057 1307 1116 magno
1365 1057 1615 1098 numero
1661 1040 1951 1100 frumenti
1993 1041 2240 1102 invento

216 1142 403 1186 naves
440 1125 761 1203 onerarias,
808 1145 1067 1203 quarum
1101 1126 1188 1185 ibi
1224 1126 1378 1186 satis
1415 1145 1637 1206 magna
1680 1129 1855 1205 copia
1899 1128 2037 1207 fuit,
2082 1147 2240 1188 com·

215 1213 351 1289 plet
396 1215 580 1291 atque
623 1213 688 1272 in
733 1218 935 1273 castra
980 1214 1057 1273 ad
1102 1212 1419 1275 Caesarem
1462 1215 1672 1275 mittit.

350 1338 782 1501 Zadressoozue
836 1423 1060 1500 [Iubae
1115 1423 1338 1484 Caesar
1383 1444 1438 1485 a.
1484 1427 1605 1485 708
1643 1450 1727 1473 =
1765 1423 1880 1500 46]
1932 1427 2241 1503 provincia

217 1512 383 1572 facta
428 1515 612 1588 atque
646 1512 733 1572 ibi
769 1511 1059 1572 Sallustio
1095 1531 1205 1588 pro
1251 1513 1499 1572 consule
1546 1531 1684 1572 cum
1727 1513 1980 1591 imperio
2025 1515 2238 1575 relicto

217 1600 348 1677 ipse
395 1599 579 1659 Zama
623 1618 901 1678 egressus
944 1600 1186 1659 Uticam
1231 1618 1293 1660 se
1339 1601 1585 1678 recepit.

356 1721 507 1797 App.
555 1724 604 1782 b.
653 1726 757 1782 civ.
802 1723 889 1781 II
927 1726 1079 1782 100.-

350 1807 451 1869 καὶ
485 1807 594 1886 τὴν
631 1806 817 1889 ἀρχὴν
844 1807 953 1886 τὴν
985 1803 1143 1890 Ἰόβα
1170 1812 1401 1890 Καῖσαρ
1428 1808 1681 1889 ὑποτελῆ
1701 1806 2003 1890 Ῥωμαίοις
2038 1810 2239 1891 ἐποίη-

218 1913 342 1976 σεν,
388 1895 538 1981 αὐτῇ
584 1898 951 1958 Σαλούστιον
997 1898 1266 1979 Κρίσπον
1312 1897 1757 1978 ἐγκαταστήσας.

351 2022 470 2080 Dio
519 2021 766 2080 XLIII
803 2024 861 2088 9,
905 2024 974 2081 2.
969 2042 982 2055 ·

349 2105 451 2167 καὶ
490 2105 630 2180 τους
666 2106 955 2187 Νομάδας
1000 2106 1197 2187 λαβὼν
1247 2104 1308 2185 (ὅ
1347 2102 1604 2219 Καῖσαρ)
1654 2106 1715 2181 ἔς
1761 2131 1820 2170 τε
1865 2107 1930 2171 τὸ
1967 2108 2237 2188 ὑπήκοον

216 2194 470 2276 ἐπήγαγε
513 2192 613 2255 καὶ
666 2200 746 2280 τῷ
782 2196 1126 2281 Σαλουστίφ
1180 2195 1331 2281 λόγῳ
1377 2193 1485 2275 μὲν
1529 2195 1727 2276 αρχειν
1772 2194 1919 2283 ἔργῳ
1965 2194 2029 2258 δὲ
2072 2197 2237 2278 αγειν

216 2306 277 2345 τε
335 2281 436 2343 καὶ
493 2256 723 2363 φέρειν
754 2258 1103 2365 ἐπέτρεψεν.
1187 2282 1383 2363 ἀμέλει
1438 2282 1540 2344 καὶ
1593 2259 1994 2366 ἐδωροδόκησε
2052 2286 2238 2348 πολλὰ

217 2369 320 2432 καὶ
361 2370 657 2451 ἥρπασεν,
710 2369 854 2431 ὥστε
898 2369 1000 2432 καὶ
1041 2377 1530 2452 κατηγορηθῆναι
1573 2371 1675 2432 καὶ
1718 2372 2006 2452 αἰσχύνην
2052 2374 2237 2454 αἰσχί-

218 2477 363 2538 στην
427 2456 682 2537 ὀφλῆσαι
700 2501 720 2536 ,
786 2458 876 2519 ὅτι
936 2467 1177 2521 τοιαῦτα
1240 2459 1659 2539 συγγραμματα
1728 2461 2076 2542 συγγραψας
2136 2461 2239 2522 καὶ

216 2545 404 2609 πολλὰ
449 2544 550 2606 καὶ
594 2545 776 2627 πικρὰ
819 2545 953 2627 περὶ
996 2554 1113 2608 τῶν
1148 2545 1643 2628 ἕκκαρπουμένων
1686 2545 1852 2620 τινὰς
1897 2546 2078 2610 εἰπὼν
2124 2548 2238 2611 οὐκ

215 2633 541 2715 ἐμιμήσατο
592 2639 671 2719 τῷ
730 2631 878 2720 ἔργῳ
922 2635 1062 2706 τοὺς
1104 2633 1333 2716 λόγους.
1423 2634 1573 2696 ὅθεν
1627 2636 1682 2696 εἰ
1721 2634 1822 2696 καὶ
1877 2635 1949 2696 τὰ
1992 2636 2237 2716 μάλιστα

218 2722 447 2800 ἀφείθη
492 2720 610 2782 ὑπὸ
654 2731 762 2784 τοῦ
799 2696 1122 2802 Καίσαρος,
1165 2718 1292 2783 ἀλλ’
1342 2721 1520 2796 αὑτός
1564 2745 1630 2803 γε
1675 2721 1885 2785 ἑαυτὸν
1929 2722 2031 2785 καὶ
2072 2726 2234 2787 πάνυ

215 2817 288 2896 τῇ
337 2814 650 2894 συγγραφῇ
696 2808 1137 2888 ἔστηλοκόπησε.

347 2936 465 2993 inv.
511 2936 576 2992 in
619 2933 763 2993 Sall.
811 2937 868 3002 7,
915 2937 1022 2994 19:

348 3040 470 3080 non
507 3020 598 3080 ita
631 3022 1006 3097 provinciam
1040 3022 1325 3099 vastavit,
1370 3025 1444 3082 ut
1477 3023 1630 3080 nihil
1674 3041 1868 3101 neque
1903 3025 2068 3099 passi
2112 3025 2235 3085 sint

216 3127 411 3188 neque
467 3109 948 3184 exspectaverint
992 3110 1240 3187 gravius
1285 3111 1349 3168 in
1394 3109 1555 3169 bello
1602 3110 1749 3169 socii
1793 3112 2002 3186 nostri,
2049 3130 2232 3189 quam

217 3197 447 3274 experti
501 3199 646 3255 sunt
698 3197 760 3255 in
814 3215 962 3273 pace
1022 3197 1135 3257 hoc
1178 3198 1449 3256 Africam
1493 3198 1838 3257 inferiorem
1883 3197 2232 3259 obtinente?

216 3285 377 3344 unde
415 3286 657 3343 tantum
692 3284 790 3343 hic
828 3285 1120 3363 exhausit,
1166 3288 1463 3363 quantum
1496 3285 1700 3361 potuit
1745 3289 1855 3345 aut
1889 3284 2004 3345 fide
2039 3288 2222 3346 nomi*

217 3392 362 3431 num
416 3371 594 3432 traici
639 3374 748 3431 aut
792 3372 854 3431 in
899 3390 1083 3433 naves
1129 3373 1431 3449 contrudi3
1485 3376 1750 3451 tantum,
1804 3374 2076 3452 inquam,
2134 3394 2230 3434 ex-

217 3460 436 3538 hausit,
481 3461 687 3536 patres
733 3460 1074 3537 conscripti,
1120 3464 1415 3538 quantum
1461 3460 1673 3520 voluit.
1745 3480 1820 3521 ne
1863 3480 2107 3521 causam
2143 3463 2228 3521 di-

219 3551 396 3627 ceret,
434 3548 713 3608 sestertio
746 3548 1103 3608 duodeciens
1133 3567 1269 3608 cum
1298 3547 1552 3608 Caesare
1579 3547 1924 3625 paciscitur.
1989 3551 2151 3628 quod
2178 3551 2230 3610 si
