2650 4059
436 228 521 293 82
861 241 870 245 “
1087 225 1144 281 Ο.
1184 224 1527 280 SALLUSTI
1563 223 1795 280 CRISPI
2622 35 2628 272 i

363 388 396 435 8
434 372 714 438 formido
752 372 949 437 latius
988 375 1324 454 cresceret,
1370 370 1614 435 divorsi
1653 370 1953 454 agebant.
2035 391 2111 435 eo
2154 375 2482 455 tempore
2622 293 2628 508 ⁴

434 460 759 547 Iugurtha
802 482 918 544 per
963 458 1149 524 collis
1196 458 1407 543 sequi,
1461 461 1720 541 tempus
1771 461 1887 521 aut
1932 456 2149 523 locum
2191 481 2480 545 pugnae

434 570 759 633 quaerere,
797 569 925 631 qua
970 551 1316 611 venturum
1357 545 1621 610 hostem
1667 544 1977 628 audierat,
2023 546 2347 629 pabulum
2397 552 2481 611 et

435 658 748 721 aquarum
809 634 1045 718 fontis,
1108 655 1385 718 quorum
1449 632 1720 716 penuria
1774 636 1942 716 erat,
2006 654 2473 719 conrumpere,

433 724 625 789 modo
664 746 733 789 se
772 721 1041 787 Metello
1078 721 1404 786 interdum
1430 719 1642 785 Mario
1687 721 2042 805 ostendere,
2078 726 2471 805 postremos

433 813 502 876 in
538 811 794 897 agmine
831 813 1154 894 temptare
1190 830 1266 873 ac
1303 808 1533 874 statim
1575 808 1645 873 in
1683 807 1867 873 collis
1906 809 2177 894 regredi,
2224 832 2475 875 rursus·

371 927 372 930 ¹
436 900 600 984 aliis,
643 902 797 983 post
843 898 987 962 aliis
1035 896 1345 979 minitari,
1388 918 1596 980 neque
1631 896 1955 979 proelium
1989 896 2201 963 facere
2239 920 2470 982 neque

436 987 643 1052 otium
688 986 846 1070 pati,
891 985 1387 1050 tantum-amodo
1433 984 1693 1049 hostem
1730 984 1811 1048 ab
1848 984 2108 1068 incepto
2146 941 2571 1088 retinere.)s

330 1074 414 1138 56
567 1074 898 1139 Romanus
944 1074 1299 1157 imperator
1343 1071 1458 1135 ubi
1484 1093 1561 1136 *se
1599 1071 1767 1137 dolis
1811 1071 2078 1156 fatigari
2123 1073 2306 1138 videt
2350 1095 2466 1138 ne-

436 1184 558 1245 que
605 1163 687 1226 ab
732 1162 923 1227 hoste
969 1160 1223 1245 copiam
1266 1159 1600 1245 pugnandi
1644 1159 1811 1243 fieri,
1862 1161 2091 1225 urbem
2135 1182 2463 1247 magnam

435 1255 501 1315 et
553 1250 622 1314 in
676 1272 753 1314 ea
793 1254 1007 1333 parte,
1062 1270 1191 1333 qua
1253 1248 1383 1311 sita
1436 1250 1607 1330 erat,
1672 1269 1884 1312 arcem
1949 1248 2134 1333 regni
2187 1249 2465 1314 nomine

436 1337 699 1402 Zamam
752 1338 989 1402 statuit
1044 1356 1445 1420 oppugnare,
1499 1339 1708 1418 ratus,
1763 1335 1830 1399 id
1886 1335 2058 1419 quod
2109 1337 2459 1422 negotium

433 1427 769 1510 poscebat,
823 1423 1211 1510 Iugurtham
1255 1423 1707 1487 laborantibus
1755 1424 1889 1489 suis
1937 1423 2177 1488 auxilio
2223 1429 2457 1489 ventu-

364 1528 396 1575 2
434 1537 580 1578 rum
631 1513 853 1598 ibique
897 1511 1219 1596 proelium
1263 1510 1435 1590 fores
1512 1515 1582 1575 at
1635 1510 1774 1594 ille,
1829 1533 1993 1595 quae
2047 1512 2462 1594 parabantur

435 1624 474 1666 a
516 1601 806 1687 perfugis
850 1599 1148 1679 edoctus,
1194 1599 1449 1683 magnis
1495 1598 1840 1664 itineribus
1884 1597 2225 1664 Metellum
2272 1604 2454 1665 ante-

109 1659 302 1760 ff
433 1690 628 1754 venit.
719 1687 1072 1772 oppidanos
1114 1686 1422 1750 hortatur
1491 1686 1748 1766 moenia
1790 1685 2164 1772 defendant,
2209 1687 2454 1752 additis

435 1776 673 1841 auxilio
719 1773 1031 1860 perfugis,
1069 1773 1242 1859 quod
1285 1732 1490 1859 gend}
1537 1796 1617 1838 ex
1663 1773 1868 1858 copiis
1904 1774 2096 1859 regis,
2143 1776 2298 1860 quia
2331 1775 2451 1839 fal-

435 1866 565 1930 lere
609 1863 940 1947 nequibat,
986 1861 1454 1929 firmissumum
1497 1865 1666 1946 erat3
1720 1866 2058 1945 praeterea
2103 1862 2456 1947 pollicetur

366 1967 396 2013 3
434 1953 505 2016 in
548 1956 840 2034 tempore
887 1954 1092 2015 semet
1139 1971 1287 2014 cum
1332 1949 1618 2014 exercitu
1654 1948 1893 2015 adfore.
1955 1949 2054 2013 ita
2089 1951 2450 2035 conpositis

435 2040 627 2103 rebus
672 2039 743 2102 in
784 2037 931 2103 loca
976 2060 1170 2122 quam
1206 2058 1504 2101 maxume
1542 2036 1798 2102 occulta
1842 2037 2133 2122 discedit,
2178 2060 2254 2104 ac
2297 2044 2452 2123 post

282 2124 296 2133 “
434 2127 628 2212 paulo
676 2125 1014 2212 cognoscit
1057 2125 1343 2190 Marium
1387 2147 1467 2189 ex
1508 2124 1741 2189 itinere
1785 2124 2256 2208 frumentatum
2301 2148 2451 2191 cum

51 2149 406 2328 w
435 2214 658 2300 paucis
704 2214 1081 2279 cohortibus
1116 2211 1368 2279 Siccam
1413 2212 1703 2296 missum,
1750 2213 1923 2298 quod
1968 2214 2277 2298 oppidum
2319 2214 2450 2298 pri-

435 2325 615 2368 mum
660 2303 950 2368 omnium
993 2306 1145 2386 post
1190 2301 1432 2365 malam
1475 2321 1763 2385 pugnam
1800 2301 1882 2365 ab
1919 2320 2072 2385 rege
2103 2300 2450 2367 defecerat.

364 2406 398 2453 4
437 2413 512 2456 eo
561 2413 707 2456 cum
761 2390 1028 2456 delectis
1073 2388 1405 2474 equitibus
1448 2392 1651 2453 noctu
1694 2388 1912 2473 pergit
1965 2393 2034 2453 et
2085 2388 2219 2453 iam
2272 2409 2451 2475 egre·
2584 2375 2628 2678 Ἷ

435 2479 763 2544 dientibus
791 2477 1105 2544 Romanis
1132 2477 1204 2541 in
1229 2480 1423 2561 porta
1451 2496 1739 2561 pugnam
1765 2475 1942 2559 facit,
1980 2476 2175 2541 simul
2212 2496 2449 2562 magna

434 2588 589 2633 voce
638 2564 956 2631 Siccensis
1000 2565 1322 2647 hortatur,
1366 2563 1468 2628 uti
1504 2563 1793 2629 cohortis
1836 2564 1917 2627 ab
1955 2567 2144 2650 tergo
2179 2565 2447 2629 circum-

435 2654 723 2719 veniant:
767 2653 1100 2717 fortunam
1132 2650 1266 2714 illis
1304 2651 1621 2733 praeclari
1656 2651 1965 2716 facinoris
2004 2674 2224 2718 casum
2268 2652 2449 2736 dare;

436 2742 494 2807 si
537 2741 605 2805 id
650 2739 947 2823 fecerint,
991 2742 1223 2823 postea
1267 2760 1407 2803 sese
1451 2739 1523 2802 in
1567 2759 1787 2824 regno,
1831 2739 1982 2803 illos
2028 2739 2100 2804 in
2140 2740 2449 2804 libertate
2499 2811 2511 2817 ‚

368 2844 399 2892 ὅ
438 2829 575 2894 sine
631 2831 813 2892 metu
868 2830 1151 2891 aetatem
1206 2829 1485 2892 acturos.
1577 2848 1652 2891 ac
1703 2827 1774 2891 ni
1819 2826 2066 2891 Marius
2122 2827 2314 2912 signa
2352 2827 2448 2891 in-

434 2916 603 2981 ferre
666 2918 860 2999 atque
928 2914 1193 2978 evadere
1268 2914 1505 2998 oppido
1575 2914 2084 2998 properavisset,
2153 2913 2447 2998 profecto
2567 2936 2597 2988 k

437 3003 653 3070 cuncti
700 3007 814 3067 aut
859 3022 1098 3087 magna
1140 3024 1291 3086 pars
1324 3000 1722 3066 Siccensium
1757 3002 1952 3066 fidem
1988 3002 2415 3067 mutavissent
2430 3027 2449 3065 τ

367 3109 399 3156 6
438 3095 622 3157 tanta
676 3090 1041 3155 mobilitate
1101 3111 1240 3154 sese
1295 3088 1618 3154 Numidae
1676 3093 1929 3174 gerunt.
2030 3090 2144 3155 sed
2205 3090 2481 3154 milites.

437 3178 842 3265 Iugurthini,
904 3178 1233 3262 paulisper
1291 3179 1374 3241 ab
1436 3197 1589 3264 rege
1653 3177 2036 3262 sustentati,
2098 3182 2447 3262 postquam·

439 3267 679 3331 maiore
724 3266 789 3331 vi
833 3266 1058 3331 hostes
1103 3269 1371 3351 urgent,
1423 3265 1646 3349 paucis
1702 3264 1960 3329 amissis
2018 3264 2280 3351 profugi
2324 3266 2450 3330 dis·

439 3355 689 3421 cedunt.
859 3347 950 3454 V!

331 3442 415 3506 57
570 3440 817 3507 Marius
855 3442 936 3506 ad
973 3441 1236 3507 Zamam
1272 3441 1583 3525 pervenit.
1645 3440 1713 3506 id
1750 3440 2078 3524 oppidum,
2113 3441 2185 3505 in
2218 3462 2449 3526 campo

440 3529 657 3615 situm,
694 3530 904 3616 magis
934 3551 1125 3614 opere
1159 3551 1356 3614 quam
1389 3532 1625 3594 natura
1652 3528 1977 3593 munitum
2013 3533 2171 3608 erat,
2205 3528 2451 3594 nullius
