2650 4059
771 223 1137 279 EDITIONIS
1155 224 1741 279 TEUBNERIANAE.
2186 224 2263 278 XI

235 360 423 417 tiones
471 364 530 417 et
571 362 848 433 epistulae
884 380 954 418 ex
987 362 1240 418 historiis
1277 366 1574 434 excerptae
1685 363 1878 419 Oratio
1915 363 2115 435 Lepidi
2150 381 2260 420 cos.

239 449 315 503 ad
365 451 635 519 populum
671 451 984 506 Romanum
1027 450 1083 507 V
1118 454 1138 522 fl
1172 451 1244 506 M.
1287 451 1495 507 Aemili
1528 451 1730 522 Lepidi
1774 451 2017 507 consulis
2055 454 2129 507 ad
2164 469 2262 523 po-

236 537 437 607 pulum
470 537 786 593 Romanum
833 538 1013 593 oratio
1051 542 1246 594 contra
1282 539 1500 595 Sullam
1573 545 1602 594 1
1642 539 1975 595 aestumatio
2018 539 2072 594 V
2107 543 2127 611 11
2171 555 2262 594 ex-

237 625 527 680 istumatis
601 631 630 680 1
668 627 924 683 tutandis
972 629 1025 683 V
1056 632 1077 699 11
1111 628 1361 683 vitandls
1434 634 1467 685 8
1503 631 1786 684 aestumet
1827 628 1927 698 Vfl
1962 627 2264 683 existumet

242 718 310 768 18
351 715 521 782 atque
569 716 661 787 1711
687 715 849 784 atqui
921 720 991 772 20
1026 732 1141 786 qua
1174 717 1403 787 raptum
1437 715 1519 771 ire
1548 717 1872 787 Madviqius
1906 723 1958 772 et
1982 717 2263 772 Iordanus

239 804 436 871 (quam
480 804 706 873 raptum
740 802 812 857 iri
860 804 937 873 V)
981 806 1000 875 1
1044 820 1217 873 quam
1252 805 1482 874 captum
1517 802 1599 858 ire
1708 808 1773 858 21
1822 803 2116 880 victoriam
2160 804 2213 858 V
2244 804 2264 876 11

238 889 512 945 victorem
583 896 653 945 23
678 890 1075 962 intellegerent
1100 891 1193 961 V!
1218 890 1604 961 intellegerint
1673 896 1744 946 24
1772 907 1807 945 a
1835 891 2009 946 servis
2038 893 2263 962 sumpta

238 980 437 1048 scripsi
462 980 483 1049 11
509 978 889 1034 acerbissuma
961 977 1156 1034 Oratio
1174 978 1428 1050 Philippi
1444 978 1506 1033 in
1525 980 1726 1033 senatu
1743 977 1924 1050 (SEA)
1948 980 2000 1033 V
2020 982 2041 1049 11
2069 978 2261 1034 Oratio

239 1066 492 1137 Philippi
527 1064 589 1120 in
625 1065 908 1121 sententia
980 1072 1012 1121 3
1051 1066 1262 1122 omissa
1289 1083 1425 1121 cura
1452 1067 1545 1136 711
1573 1066 1785 1121 amissa
1811 1065 1967 1121 curia
2038 1073 2068 1121 7
2097 1083 2260 1130 nemo

241 1153 445 1209 diurna
477 1154 531 1208 V
563 1156 583 1224 11
607 1170 770 1210 nemo
806 1172 936 1210 non
973 1153 1175 1209 diurna
1283 1161 1349 1209 12
1385 1154 1658 1209 videmini
1691 1157 1857 1211 tanta
1891 1153 2120 1225 (itanta)
2163 1155 2217 1209 V
2244 1156 2263 1227 11

240 1240 512 1298 videmini
555 1240 839 1297 intuente's
884 1244 1049 1297 tanta
1159 1247 1226 1296 14
1271 1242 1461 1312 gratia
1506 1242 1866 1298 tribuniciam
1922 1243 1971 1297 V
1995 1245 2033 1313 ,11
2075 1242 2263 1312 gratia

240 1329 434 1401 plebei
468 1328 830 1384 tribuniciam
902 1334 969 1384 16
1005 1345 1198 1399 regem
1232 1332 1431 1401 scripsi
1468 1332 1671 1400 (neque
1706 1330 1862 1399 leges
1901 1330 1979 1400 V)
2017 1332 2037 1398 1
2079 1346 2262 1399 neque

241 1418 399 1488 leges
490 1423 556 1472 17
593 1416 909 1473 mehercule
945 1420 1035 1487 (ex
1069 1417 1439 1487 mehercules)
1477 1418 1530 1472 V
1568 1420 1588 1488 fl
1630 1417 1975 1472 mehercules
2062 1423 2128 1472 19
2165 1419 2261 1473 ob·

241 1505 452 1577 pressit
486 1506 659 1575 (opp.)
700 1504 753 1558 V
792 1507 812 1575 Ι
855 1503 1108 1575 obrepsit
1197 1511 1263 1559 21
1301 1507 1497 1560 nostra
1541 1505 1594 1559 V
1630 1508 1650 1576 11
1694 1505 1883 1559 vostra
1973 1504 2167 1560 Oratio
2202 1506 2259 1562 C.

245 1593 390 1664 (Gai)
426 1592 625 1649 Cottae
660 1593 736 1646 ad
770 1591 1041 1663 populum
1076 1592 1392 1648 Romanum
1426 1591 1526 1661 Vn
1564 1591 1758 1647 Oratio
1795 1591 1859 1648 G.
1898 1591 2098 1648 Cottae
2134 1609 2262 1648 con-

245 1681 384 1736 sulis
420 1681 495 1735 ad
529 1679 800 1750 populum
835 1680 1149 1735 Romanum
1258 1687 1290 1736 9
1327 1680 1556 1750 ingenio
1595 1681 1648 1735 V
1685 1683 1706 1751 fl
1751 1679 1905 1735 senio
2003 1680 2263 1751 Epistula

244 1770 341 1826 On.
377 1769 610 1839 Pompei
646 1769 720 1822 ad
757 1770 1014 1822 senatum
1052 1774 1085 1822 5
1122 1769 1487 1824 Lacetaniam
1516 1770 1569 1824 V
1599 1770 1713 1825 cod.
1747 1769 2039 1824 Aurelian.
2066 1772 2087 1839 11
2113 1769 2261 1824 Iace-

242 1857 462 1912 taniam
535 1861 568 1911 5
588 1855 895 1911 ambitione
914 1856 1075 1926 (Aur.
1096 1873 1197 1913 om.
1220 1859 1371 1927 mea)
1397 1859 1417 1927 Ι
1443 1856 1752 1912 ambitione
1779 1873 1907 1911 mea
1977 1863 2010 1912 6
2028 1856 2258 1912 Durium

252 1946 307 2002 V
333 1946 476 2001 Aur.
506 1948 524 2015 11
559 1944 788 1999 Turiam
859 1950 891 2000 9
929 1960 1075 2013 quae
1122 1945 1176 1999 V
1205 1945 1348 2001 ΑΜ.
1376 1948 1396 2015 11
1431 1961 1546 2014 qua
1618 1952 1649 2000 9
1688 1944 1916 2013 aerique
1954 1947 2086 1999 sunt
2119 1945 2259 2001 Aur.

246 2034 536 2104 (onerique
583 2034 660 2104 V)
701 2034 720 2102 11
764 2031 1030 2101 onerique
1123 2031 1317 2087 Oratio
1354 2031 1533 2096 Macri
1576 2031 1706 2088 trib.
1743 2032 1891 2104 pleb.
1930 2032 2005 2086 ad
2037 2032 2259 2102 plebem

247 2129 279 2176 5
314 2120 582 2193 praemiis
611 2118 1231 2191 Vflpraemiis*””
1257 2123 1277 2189 11
1307 2125 1339 2174 7
1375 2120 1604 2190 placent
1640 2120 1734 2190 711
1759 2118 1949 2174 iacent
2019 2125 2052 2176 8
2090 2122 2149 2174 et
2174 2121 2263 2193 1711

247 2209 477 2265 Scilicet
547 2212 612 2262 11
650 2207 812 2263 vobis
837 2207 929 2277 Vss
954 2224 1054 2262 vos
1128 2213 1194 2262 12
1233 2206 1495 2276 quaesita
1530 2209 1634 2276 est,
1672 2209 1732 2262 et
1766 2209 1961 2276 erepta
1991 2207 2052 2260 in
2076 2210 2262 2276 poste-

244 2315 370 2351 rum
415 2295 501 2351 vis
542 2294 847 2351 tribunicia
889 2298 910 2365 11
954 2295 1214 2364 quaesita
1261 2298 1349 2351 est
1393 2298 1452 2351 et
1495 2297 1692 2365 erepta
1726 2294 1787 2348 in
1819 2297 2131 2365 posterum,
2177 2295 2262 2350 vis

245 2383 551 2439 tribunicia
660 2389 727 2438 13
773 2382 1238 2438 animadvortatis
1275 2382 1451 2453 (anim
1488 2382 1822 2452 aduertatis)
1860 2383 1914 2435 V
2014 2381 2263 2436 animum

247 2471 561 2527 advertatis
635 2477 702 2525 14
739 2470 1119 2526 omittundum
1155 2469 1568 2541 (omittendum)
1608 2471 1662 2525 V
1690 2471 1709 2539 11
1746 2469 2123 2524 amittundum
2195 2474 2262 2524 15

246 2560 433 2628 mode,
469 2557 771 2629 patricium
806 2559 859 2613 V
891 2559 1119 2628 flmodO,
1156 2561 1296 2613 tum
1332 2556 1633 2628 patricium
1706 2562 1773 2611 15
1810 2557 1965 2612 iussa
2000 2557 2053 2611 V
2080 2558 2098 2626 11
2124 2556 2264 2612 iussi

250 2652 318 2702 19
389 2645 680 2716 ignaviam
752 2645 1019 2716 cuiusque
1091 2646 1423 2701 tenuissima
1495 2662 1594 2716 spe
1660 2646 1964 2700 frustratur
2029 2646 2265 2702 Orellius

249 2736 463 2807 (ignam
503 2734 778 2804 quiusque
804 2734 1164 2789 tenuissimas
1191 2734 1596 2803 perfrustratur
1628 2734 1705 2805 V)
1732 2737 1751 2805 11
1776 2732 1969 2804 ignavi
1996 2733 2263 2802 cuiusque

247 2822 607 2878 tenuissimas
645 2838 773 2891 spes
799 2821 1103 2876 frustratur
1174 2828 1243 2877 20
1270 2838 1419 2891 quae
1445 2822 1494 2876 V
1515 2825 1536 2893 fl
1562 2838 1676 2891 qua
1747 2826 1815 2876 23
1841 2820 2143 2892 potestatis
2172 2823 2226 2875 V
2247 2822 2263 2893 11

248 2908 551 2981 potestatis
568 2908 1050 2963 restituendae
1121 2914 1188 2965 27
1211 2912 1383 2978 atque
1405 2909 1455 2962 V
1478 2912 1498 2980 Ι
1523 2908 1698 2978 Atqui
1767 2909 1870 2978 Ep.
1889 2908 2079 2963 Mithr.
2101 2915 2132 2963 2
2156 2909 2264 2963 tibi

252 2997 301 3053 si
334 2998 610 3068 perpetua
651 2996 698 3048 V
765 2995 896 3049 Tibi
929 2999 1204 3066 perpetua
1275 3002 1307 3050 2
1344 2996 1456 3050 nisi
1488 2995 1680 3050 hostes
1716 2996 2019 3065 opportuni
2054 2998 2114 3051 et
2149 3013 2263 3050 sce·

248 3082 583 3152 lestissumi‚
629 3082 858 3152 egregia
893 3083 1072 3152 fama,
1120 3083 1169 3138 si
1204 3084 1485 3139 Romanos
1522 3082 1889 3153 obpresseris‚
1934 3082 2126 3137 futura
2160 3087 2263 3154 est,

249 3186 432 3241 neque
466 3171 520 3225 V
556 3175 576 3240 11
619 3171 848 3241 egregia
891 3172 1071 3240 fama,
1119 3170 1169 3225 si
1202 3171 1484 3226 Romanos
1522 3169 1891 3241 obpresseris‚
1936 3170 2126 3225 futura
2161 3174 2262 3228 est.

249 3258 379 3313 Nisi
403 3258 595 3313 hostes
614 3258 916 3329 opportuni
936 3262 994 3314 et
1012 3258 1429 3327 scelestissumi,
1457 3274 1639 3327 neque
1713 3263 1778 3312 13
1799 3257 2154 3313 Calchedona
2175 3259 2229 3312 V
2247 3261 2266 3330 11

252 3346 608 3402 Chalcedona
716 3352 784 3401 14
828 3349 888 3401 et
921 3346 1254 3401 Heracleam
1287 3346 1342 3400 V
1378 3349 1397 3417 11
1441 3348 1500 3401 et
1545 3346 1723 3416 apud
1756 3345 2088 3401 Heracleam
2197 3352 2263 3401 16

248 3451 424 3505 parvo
449 3434 647 3489 labore
673 3434 764 3504 Vn
791 3436 990 3506 [parvo
1018 3434 1236 3506 labore]
1313 3439 1378 3493 17
1414 3436 1640 3503 raptum
1673 3435 1993 3491 Oiacconiws
2019 3435 2266 3503 (partum

262 3523 338 3593 V)
366 3526 386 3593 11
411 3521 479 3575 vi
512 3524 741 3591 partum
813 3528 880 3577 17
917 3524 1077 3592 peste
1112 3521 1212 3592 711
1249 3520 1416 3591 pesti.
