2650 4059
663 251 956 306 BELLUM
991 250 1517 307 IUGURTHINUM
1553 272 1598 309 c.
1633 261 1713 309 13.
1757 262 1839 310 14.
2177 256 2256 321 51

234 397 467 461 citiam
511 396 828 480 instituit,
885 417 1012 480 quo
1060 401 1356 482 tempore
1410 398 1619 484 magis
1664 399 1824 464 fides
1881 400 2019 465 eius
2068 423 2263 485 quam

237 485 507 549 fortuna
548 486 835 569 petunda
880 489 1038 549 erat.
1112 508 1389 570 quorum
1434 487 1813 572 progeniem
1859 510 1992 573 vos,
2038 495 2259 573 patres
2298 509 2329 555 6

237 572 613 657 conscripti,
655 573 861 637 nolite
906 574 1047 656 pati
1091 594 1195 638 me
1239 578 1546 658 nepotem
1582 574 1967 641 Masinissae
2014 577 2261 642 frustra

237 683 278 724 a
321 662 510 726 vobis
558 662 872 725 auxilium
916 666 1154 745 petere.

372 748 445 814 Si
492 750 574 814 ad
617 750 1100 834 impetrandum
1142 750 1310 814 nihil
1358 773 1588 816 causae
1640 751 1950 817 haberem
2003 759 2261 838 praeter
2300 772 2329 819 7

239 838 672 902 miserandam
724 837 1083 921 fortunam,
1148 840 1320 921 quod
1383 840 1580 924 paulo
1644 845 1796 905 ante
1850 863 1963 906 rex
2025 863 2259 943 genere

237 925 414 990 fama
459 931 655 1010 atque
701 926 907 1009 copiis
952 930 1203 1011 potens,
1247 948 1419 991 nunc
1464 928 1865 994 deformatus
1913 932 2257 1014 aerumniS,

236 1016 427 1099 inops
474 1016 717 1079 alienas
765 1036 921 1098 opes
968 1019 1255 1116 expecto,
1303 1019 1524 1080 tamen
1561 1021 1701 1080 erat
1738 1017 2102 1082 maiestatis
2148 1041 2258 1102 po-

235 1104 375 1187 puli
403 1102 684 1167 Romani
728 1102 1074 1187 prohibere
1120 1102 1427 1167 iniuriam
1472 1126 1681 1188 neque
1709 1106 1849 1189 pati
1877 1107 2257 1190 cuiusquam

234 1212 511 1293 regnum
564 1213 681 1275 per
734 1191 944 1255 scelus
1000 1212 1301 1256 erescere.
1392 1213 1616 1256 verum
1681 1215 1803 1278 ego
1869 1195 1962 1259 eis
2015 1196 2254 1260 finibus
2293 1212 2326 1261 8

232 1280 481 1345 eiectus
527 1300 698 1363 sum,
754 1300 917 1362 quos
972 1279 1330 1344 maioribus
1377 1280 1538 1344 meis
1593 1282 1875 1364 populus
1920 1283 2254 1348 Romanus

231 1369 432 1451 dedit,
476 1368 644 1431 unde
688 1371 877 1451 pater
914 1371 980 1431 et
1017 1389 1172 1432 avos
1209 1389 1394 1431 meus
1412 1390 1554 1447 ,una
1579 1369 1916 1434 vobiscum
1953 1372 2255 1454 expulere

234 1455 604 1541 Syphacem
658 1460 726 1519 et
780 1454 1359 1540 Carthaginiensis
1447 1460 1673 1521 vostra
1734 1457 2035 1522 benificia
2093 1459 2256 1522 mihi

233 1549 458 1629 erepta
506 1547 675 1627 sunt,
719 1547 940 1627 patres
988 1544 1360 1628 conscripti,
1404 1566 1522 1609 vos
1566 1545 1638 1608 in
1683 1567 1828 1610 mea
1871 1546 2109 1610 iniuria
2154 1546 2255 1609 de—

230 1632 446 1716 specti
493 1633 671 1696 estis.
735 1633 898 1696 eheu
926 1652 1029 1695 me
1059 1632 1396 1696 miserum!
1441 1632 1693 1717 hucine,
1739 1633 2017 1717 Micipsa
2050 1638 2254 1718 pater,
2292 1652 2323 1699 9

230 1721 536 1785 benificia
581 1724 696 1784 tua
731 1741 1009 1803 evasere,
1054 1723 1157 1804 ut,
1209 1741 1402 1804 quem
1446 1725 1522 1784 tu
1566 1743 1791 1806 parem
1837 1743 1985 1786 cum
2028 1723 2253 1787 liberis

230 1810 368 1873 tuis
406 1809 717 1894 regnique
752 1809 1140 1892 participem
1175 1807 1411 1892 fecisti,
1456 1809 1515 1873 16
1552 1809 1990 1893 potissumum
2026 1811 2253 1895 stirpis

228 1902 387 1962 tuae
442 1899 765 1961 extinctor
819 1897 952 1960 sit?
1008 1918 1468 1997 numquamne
1502 1918 1660 1982 ergo
1722 1897 1974 1962 familia
2024 1902 2255 1963 nostra

230 1986 459 2071 quieta
503 1986 672 2049 erit‘?
736 2005 1073 2068 semperne
1126 1985 1197 2048 in
1242 1985 1556 2071 sanguine
1609 1985 1782 2051 ferro
1837 1986 1997 2072 fuga
2040 2008 2254 2051 vorsa-

229 2075 459 2140 bitur‘?
550 2074 704 2137 dum
768 2071 1341 2158 Carthaginienses
1404 2074 1762 2139 incolumes
1832 2074 2041 2160 fuere,
2113 2075 2251 2139 iure
2294 2093 2359 2141 10

230 2162 455 2228 omnia
499 2183 690 2226 saeva
734 2162 1173 2246 patiebamur:
1218 2161 1446 2227 hostes
1492 2164 1574 2226 ab
1620 2162 1852 2246 latere,
1897 2185 2013 2227 vos
2061 2165 2252 2228 amici

226 2251 478 2336 procul,
514 2271 662 2334 spes
701 2250 910 2314 omnis
948 2251 1016 2313 in
1054 2250 1250 2314 armis
1289 2253 1447 2313 erat.
1509 2254 1861 2334 postquam
1897 2251 2013 2314 1116
2047 2252 2251 2334 1166116

229 2362 312 2404 ex
356 2339 583 2403 Africa
628 2338 835 2402 eiecta
880 2342 1005 2422 est,
1050 2339 1209 2402 laeti
1253 2359 1481 2422 pacem
1528 2339 1967 2422 agitabamus,
2015 2339 2251 2423 quippe

230 2428 380 2513 quis
424 2427 638 2491 hostis
682 2427 901 2490 nullus
938 2430 1098 2509 erat,
1141 2427 1272 2489 nisi
1298 2426 1470 2489 forte
1510 2447 1702 2509 quem
1730 2447 1846 2490 vos
1875 2426 2251 2490 iussissetis.

228 2538 378 2581 ecce
415 2519 635 2579 autem
670 2537 750 2579 ex
785 2514 1118 2598 inproviso
1155 2513 1493 2598 Iugurtha,
1540 2514 1947 2578 intoleranda
1984 2514 2252 2578 audacia
2292 2532 2353 2579 11

222 2605 471 2668 scelere
518 2608 713 2687 atque
761 2603 1065 2687 superbia
1101 2623 1241 2666 sese
1280 2601 1585 2686 ecferenS,
1630 2601 1834 2666 fratre
1871 2624 2015 2666 meo
2055 2606 2250 2685 atque

231 2693 458 2756 eodem
502 2692 869 2792 propinquo
915 2700 1035 2755 suo
1080 2690 1427 2755 interfecto
1463 2691 1749 2775 primum
1793 2711 2066 2776 regnum
2113 2691 2251 2755 eius

222 2780 493 2844 66616116
541 2780 642 2844 6111
686 2778 994 2863 praedam
1047 2777 1232 2862 fecit,
1287 2783 1444 2863 post
1505 2780 1619 2844 ubi
1666 2801 1769 2844 me
1834 2779 2040 2843 isdem
2082 2780 2250 2844 dolis

225 2869 471 2952 nequit
503 2889 761 2951 6611616,
804 2867 971 2931 nihil
1016 2867 1231 2930 minus
1279 2888 1476 2951 quam
1519 2868 1654 2931 vim
1699 2871 1814 2931 aut
1859 2868 2104 2932 bellum
2150 2890 2252 2931 ex·-

226 2960 601 3040 pectantem
646 2957 717 3020 in
760 2955 1034 3039 imperio
1080 2958 1333 3037 vostr0,
1390 2955 1560 3019 sicut
1616 2955 1880 3038 videtis,
1927 2961 2250 3019 extorrem

224 3045 447 3128 patria
490 3045 702 3127 domo,
747 3044 1008 3126 inopem
1055 3046 1122 3107 et
1159 3045 1541 3127 coopertum
1576 3042 1860 3106 1111661116
1897 3043 2128 3126 effecit,
2173 3047 2249 3106 ut

227 3133 443 3198 ubivis
491 3133 699 3196 tutius
747 3153 941 3215 quam
985 3131 1057 3194 in
1100 3152 1247 3196 meo
1293 3150 1496 3214 regno
1543 3150 1770 3193 essem.
1823 3150 1847 3192 e
2448 3205 2452 3209 ,

360 3220 507 3305 Ego
556 3221 650 3285 sic
697 3220 1197 3302 existumabam,
1242 3223 1464 3303 patres
1511 3216 1881 3301 conscripti,
1927 3217 2024 3280 uti
2070 3238 2248 3301 prae·
2290 3234 2348 3282 12

226 3310 554 3374 dicantem
599 3309 971 3373 audiveram
1016 3311 1271 3391 patrem
1316 3328 1551 3390 meum,
1566 3312 1570 3316 ’
1598 3305 1710 3389 qui
1754 3309 2046 3370 vostram
2094 3305 2248 3369 ami-

226 3398 451 3463 citiam
497 3397 845 3482 diligenter
890 3397 1205 3478 colerent,
1259 3416 1372 3460 eos
1427 3395 1709 3458 multum
1760 3394 2051 3458 laborem
2113 3415 2247 3457 sus-

224 3486 458 3571 cipere,
506 3490 794 3550 ceterum
840 3505 917 3549 ex
955 3483 1256 3550 omnibus
1294 3504 1594 3548 maxume
1631 3486 1813 3547 tutos
1849 3503 2007 3547 esse.
2073 3482 2245 3565 quod
2287 3498 2350 3544 13

228 3576 296 3638 in
341 3574 593 3638 familia
628 3577 854 3637 nostra
889 3573 1034 3657 fuit,
1079 3572 1432 3656 praestitit,
1477 3572 1575 3635 uti
1611 3571 1681 3634 in
1719 3571 2018 3636 omnibus
2057 3570 2248 3633 bellis

1822 3676 1898 3726 4*
