2650 4059
454 244 581 306 112
649 323 656 332 ι
1111 239 1169 294 0.
1207 238 1549 293 SALLUSTI
1583 237 1816 293 CRISPI

451 386 580 450 loci
626 385 1009 451 difficultate
1066 385 1274 449 coacti
1318 383 1569 468 proelio
1628 384 2062 467 deterrentur,
2113 405 2326 467 neque
2374 387 2474 447 ta-
2548 439 2554 444 .

453 495 603 537 men
647 495 799 537 suos
834 473 1095 558 longius
1132 472 1310 537 abire
1349 472 1589 555 sinunt,
1635 472 1748 536 sed
1782 475 2061 555 utroque
2102 471 2268 536 colle
2306 472 2473 535 mul-

384 579 417 627 3
455 561 732 625 titudine
804 561 1201 625 circumdato
1274 560 1461 625 effusi
1533 561 1894 624 consedere.
1998 559 2149 624 dein
2221 559 2471 624 crebris

455 650 714 735 ignibus
760 648 952 713 factis
998 650 1379 732 plerumque
1414 647 1629 712 noctis
1667 647 1928 712 barbari
1965 669 2145 711 more
2183 669 2304 712 3110
2341 648 2472 711 lae-

456 737 583 801 tari
628 738 943 820 exultare,
999 741 1286 820 strepere
1331 735 1626 817 100111113,
1673 739 1741 798 31
1785 735 1915 819 ipsi
1957 736 2150 800 duces
2195 735 2471 820 feroceS,

386 844 416 892 7
457 826 608 909 quia
641 847 775 889 non
809 824 1132 910 fugerant,
1167 845 1286 908 pro
1314 822 1673 888 victoribus
1711 844 1920 908 agere.
1985 823 2097 888 sed
2127 846 2204 887 ea
2233 828 2473 887 cuncta

455 914 766 977 Romanis
821 936 899 977 ex
943 912 1229 976 tenebris
1284 915 1352 975 et
1397 911 1778 976 editioribus
1832 911 1993 975 locis
2045 911 2272 975 facilia
2324 912 2472 976 visu

349 1003 433 1066 99
456 1023 819 1102 magnoque
864 1001 1281 1065 hortamento
1328 1003 1530 1064 erant.
1600 995 1975 1084 plurumum
2019 1021 2171 1065 vero
2217 998 2470 1064 Marius

455 1090 761 1173 inperitia
802 1089 1095 1153 hostium
1139 1088 1559 1157 confirmatus
1616 1110 1811 1171 quam
1856 1109 2231 1152 maxumum
2279 1088 2472 1152 silen-

455 1178 622 1241 tium
665 1177 894 1241 haberi
938 1177 1148 1260 iubet,
1203 1198 1286 1240 ne
1334 1175 1522 1261 signa
1566 1176 1852 1259 quidem,
1898 1176 1998 1239 uti
2041 1197 2160 1258 per
2203 1175 2471 1261 vigilias

456 1266 773 1349 solebant,
819 1286 1064 1330 canere.
1132 1263 1360 1328 deinde
1414 1263 1530 1328 ubi
1573 1264 1686 1328 lux
1730 1264 2149 1347 adventabat,
2194 1264 2471 1329 defessis

454 1353 586 1417 iam
630 1316 931 1418 hostibus
970 1375 1045 1419 ac
1080 1352 1274 1437 paulo
1314 1356 1467 1415 ante
1504 1373 1733 1416 somno
1771 1351 1978 1435 captis
2018 1352 2094 1415 de
2130 1315 2470 1436 inproviso

453 1441 908 1527 1181133,11313
955 1441 1323 1505 cohortium
1360 1444 1722 1504 turmarum
1767 1439 2098 1524 legionum
2143 1439 2472 1505 tubicines

455 1530 649 1594 simul
706 1529 914 1593 omnis
970 1529 1159 1614 signa
1214 1550 1469 1611 canere,
1527 1528 1770 1592 milites
1830 1528 2180 1593 clamorem
2233 1529 2471 1594 tollere

382 1634 414 1682 2
453 1623 648 1701 atque
701 1618 912 1700 portis
970 1638 1302 1700 erumpere
1366 1616 1565 1681 iubet.
1663 1614 1877 1680 Mauri
1930 1620 2128 1701 atque
2184 1614 2472 1702 Gaetuli,

450 1707 680 1791 ignoto
728 1708 794 1768 et
828 1704 1129 1768 horribili
1177 1705 1396 1768 sonitu
1432 1708 1697 1788 repente
1739 1704 1950 1788 exciti,
1991 1725 2202 1789 neque
2239 1704 2470 1791 fugere

448 1815 659 1877 neque
698 1814 879 1856 arma
916 1814 1142 1876 capere
1178 1814 1388 1876 neque
1427 1793 1690 1856 omnino
1726 1792 1938 1856 facere
1976 1795 2091 1856 aut
2124 1794 2468 1876 providere

380 1899 412 1946 3
452 1882 799 1966 quicquam
834 1884 1165 1964 poterant:
1201 1882 1298 1945 ita
1336 1884 1601 1945 cunctos
1641 1880 1920 1964 strepitu
1949 1881 2248 1964 clamore,
2283 1882 2471 1947 nullo

455 1970 875 2034 subveniente
954 1969 1201 2033 nostris
1265 1968 1665 2033 instantibus
1678 2018 1696 2053 ,
1768 1968 2057 2032 tumultu
2118 1968 2470 2034 formidine

452 2063 701 2122 terrore
758 2057 943 2142 quasi
997 2057 1295 2122 vecordia
1350 2060 1625 2140 ceperat.
1716 2056 1989 2139 denique
2051 2078 2277 2122 omnes
2334 2057 2470 2122 fusi

452 2146 818 2232 fugatique,
892 2168 1072 2209 arma
1132 2149 1198 2210 et
1260 2145 1448 2231 signa
1511 2145 1822 2209 militaria
1881 2144 2190 2228 pleraque
2255 2150 2472 2231 capta,

451 2236 797 2320 pluresque
836 2256 912 2299 30
941 2234 1187 2318 proelio
1227 2255 1423 2317 quam
1461 2233 1761 2297 omnibus
1802 2233 2241 2316 superioribus
2272 2234 2471 2298 inter-

453 2324 675 2407 empti.
763 2345 917 2387 nam
981 2344 1209 2387 somno
1265 2325 1334 2385 et
1388 2324 1568 2385 metu
1620 2320 1887 2385 insolito
1943 2320 2234 2404 inpedita
2290 2321 2469 2407 fuga.

297 2411 424 2477 100
582 2411 752 2476 Dein
815 2410 1088 2494 Marius,
1149 2410 1250 2473 uti
1314 2412 1640 2493 coeperat,
1701 2409 1775 2472 in
1832 2408 2106 2473 hiberna
2168 2406 2472 2494 (propter

453 2504 861 2565 conmeatum
924 2499 994 2562 in
1049 2498 1302 2581 oppidis
1359 2497 1726 2561 maritumis
1781 2516 1973 2582 agere
2036 2496 2470 2584 decreverat)3

449 2609 657 2672 neque
704 2591 925 2651 tamen
967 2585 1244 2649 victoria
1289 2607 1509 2650 socors
1566 2588 1679 2649 aut
1723 2584 2009 2649 insolens
2054 2584 2298 2669 factus,
2354 2587 2469 2651 sed

449 2676 696 2759 pariter
741 2678 936 2757 atque
981 2673 1052 2735 in
1098 2677 1448 2755 conspectu
1491 2673 1785 2737 hostium
1831 2673 2148 2760 quadrato
2205 2674 2468 2759 agmine

379 2779 412 2826 2
450 2763 759 2826 incedere.
852 2759 1033 2824 Sulla
1078 2782 1227 2824 cum
1273 2761 1570 2844 equitatu
1625 2761 1795 2844 apud
1841 2757 2215 2846 dextumos,
2268 2762 2341 2825 in
2385 2763 2469 2827 si-

448 2850 660 2930 nistra
710 2852 895 2932 parte
950 2846 1029 2912 A.
1076 2848 1360 2913 Manlius
1427 2872 1574 2913 cum
1630 2848 2070 2914 funditoribus
2137 2852 2205 2914 et
2265 2850 2469 2951 33811-

450 2937 663 3020 131113,
724 2941 1060 3020 praeterea
1114 2937 1403 3001 cohortis
1457 2936 1774 3023 Ligurum
1834 2938 2124 3001 curabat.
2212 2938 2464 3021 primos

451 3030 518 3090 et
572 3029 893 3089 extremos
950 3047 1098 3090 cum
1153 3025 1469 3108 expeditis
1529 3025 1876 3110 manipulis
1941 3025 2240 3092 tribunos
2295 3026 2467 3091 1003-

379 3132 410 3178 3
448 3118 648 3178 verat.
737 3112 1074 3198 perfugae,
1133 3113 1419 3177 minume
1476 3114 1610 3177 cari
1665 3118 1732 3178 et
1777 3114 2117 3198 regionum
2172 3113 2466 3179 scientis-

449 3202 643 3285 sumi,
700 3201 992 3265 hostium
1045 3202 1172 3266 iter
1227 3201 1669 3285 explorabant.
1761 3201 1954 3265 simul
2002 3202 2228 3265 consul
2275 3202 2466 3284 quasi

445 3290 626 3355 nullo
680 3289 967 3373 inposito
1025 3290 1244 3354 omnia
1296 3290 1562 3371 provide
1600 3310 1661 3373 e,
1724 3290 1895 3373 apud
1950 3290 2161 3353 omnis
2217 3290 2465 3375 adesse,

374 3395 408 3442 4
445 3378 707 3442 laudare
755 3381 823 3442 et
866 3378 1196 3461 increpare
1242 3312 1772 3470 133133113.ςγ1ρ33
1819 3382 2108 3441 armatus
2143 3378 2466 3443 intentus-

446 3488 596 3551 que,
657 3467 819 3531 item
881 3466 1123 3530 milites
1190 3466 1482 3550 cogebat.
1571 3487 1780 3548 neque
1844 3487 2026 3530 secus
2092 3469 2289 3550 atque
2336 3466 2467 3531 iter

444 3555 681 3639 facere,
746 3559 961 3622 castra
1023 3553 1301 3632 munire,
1365 3553 1738 3617 excubitum
1791 3554 1862 3617 in
1913 3557 2106 3638 porta
2170 3554 2464 3620 cohortis
