<?xml version="1.0" encoding="UTF-8"?>
<!DOCTYPE html PUBLIC "-//W3C//DTD XHTML 1.0 Transitional//EN"
    "http://www.w3.org/TR/xhtml1/DTD/xhtml1-transitional.dtd">
<html xmlns="http://www.w3.org/1999/xhtml" xml:lang="en" lang="en">
 <head>
  <title>
</title>
<meta http-equiv="Content-Type" content="text/html;charset=utf-8" />
  <meta name='ocr-system' content='tesseract 3.04.00' />
  <meta name='ocr-capabilities' content='ocr_page ocr_carea ocr_par ocr_line ocrx_word'/>
</head>
<body>
  <div class='ocr_page' id='page_1' title='image "./catilinaiugurth00eussgoog_0077.png"; bbox 0 0 2650 4059; ppageno 0'>
   <div class='ocr_carea' id='block_1_1' title="bbox 425 243 1790 313">
    <p class='ocr_par' dir='ltr' id='par_1_1' title="bbox 425 243 1790 313">
     <span class='ocr_line' id='line_1_1' title="bbox 425 243 1790 313; baseline 0 -14"><span class='ocrx_word' id='word_1_1' title='bbox 425 247 512 313; x_wconf 80' lang='lat'><strong>52</strong></span> <span class='ocrx_word' id='word_1_2' title='bbox 1083 246 1140 302; x_wconf 85' lang='lat' dir='ltr'><strong>e.</strong></span> <span class='ocrx_word' id='word_1_3' title='bbox 1179 244 1526 301; x_wconf 77' lang='lat' dir='ltr'>SALLUSTI</span> <span class='ocrx_word' id='word_1_4' title='bbox 1560 243 1790 299; x_wconf 74' lang='lat' dir='ltr'><strong>cmspr</strong></span> 
     </span>
    </p>
   </div>
   <div class='ocr_carea' id='block_1_2' title="bbox 320 389 2457 3648">
    <p class='ocr_par' dir='ltr' id='par_1_2' title="bbox 426 389 2457 475">
     <span class='ocr_line' id='line_1_2' title="bbox 426 389 2457 475; baseline -0.001 -18"><span class='ocrx_word' id='word_1_5' title='bbox 426 394 682 458; x_wconf 77' lang='lat' dir='ltr'>adesset</span> <span class='ocrx_word' id='word_1_6' title='bbox 725 393 941 458; x_wconf 83' lang='lat' dir='ltr'><strong>vobis:</strong></span> <span class='ocrx_word' id='word_1_7' title='bbox 985 413 1107 456; x_wconf 90' lang='lat' dir='ltr'><strong>nos</strong></span> <span class='ocrx_word' id='word_1_8' title='bbox 1144 391 1243 456; x_wconf 90' lang='lat' dir='ltr'><strong>uti</strong></span> <span class='ocrx_word' id='word_1_9' title='bbox 1281 412 1399 475; x_wconf 90' lang='lat' dir='ltr'><strong>per</strong></span> <span class='ocrx_word' id='word_1_10' title='bbox 1427 390 1644 455; x_wconf 88' lang='lat' dir='ltr'><strong>otium</strong></span> <span class='ocrx_word' id='word_1_11' title='bbox 1680 390 1812 454; x_wconf 88' lang='lat' dir='ltr'><strong>tuti</strong></span> <span class='ocrx_word' id='word_1_12' title='bbox 1849 389 2070 473; x_wconf 85' lang='lat' dir='ltr'><strong>simus,</strong></span> <span class='ocrx_word' id='word_1_13' title='bbox 2115 389 2187 454; x_wconf 91' lang='lat' dir='ltr'><strong>in</strong></span> <span class='ocrx_word' id='word_1_14' title='bbox 2221 394 2457 455; x_wconf 83' lang='lat' dir='ltr'><strong>vostra</strong></span> 
     </span>
    </p>

    <p class='ocr_par' dir='ltr' id='par_1_3' title="bbox 323 478 2452 738">
     <span class='ocr_line' id='line_1_3' title="bbox 323 478 2452 565; baseline 0 -22"><span class='ocrx_word' id='word_1_15' title='bbox 323 496 388 543; x_wconf 85' lang='lat'><strong>14</strong></span> <span class='ocrx_word' id='word_1_16' title='bbox 427 504 622 545; x_wconf 88' lang='lat' dir='ltr'><strong>manu</strong></span> <span class='ocrx_word' id='word_1_17' title='bbox 668 484 796 564; x_wconf 87' lang='lat' dir='ltr'><strong>est,</strong></span> <span class='ocrx_word' id='word_1_18' title='bbox 841 484 1061 565; x_wconf 88' lang='lat' dir='ltr'><strong>patres</strong></span> <span class='ocrx_word' id='word_1_19' title='bbox 1109 479 1480 562; x_wconf 89' lang='lat' dir='ltr'><strong>conscripti.</strong></span> <span class='ocrx_word' id='word_1_20' title='bbox 1569 482 1757 563; x_wconf 89' lang='lat' dir='ltr'><strong>pater</strong></span> <span class='ocrx_word' id='word_1_21' title='bbox 1809 499 1929 543; x_wconf 88' lang='lat' dir='ltr'><strong>nos</strong></span> <span class='ocrx_word' id='word_1_22' title='bbox 1985 478 2147 542; x_wconf 88' lang='lat' dir='ltr'><strong>duos</strong></span> <span class='ocrx_word' id='word_1_23' title='bbox 2203 478 2452 544; x_wconf 85' lang='lat' dir='ltr'><strong>fratres</strong></span> 
     </span>
     <span class='ocr_line' id='line_1_4' title="bbox 424 565 2452 653; baseline -0.001 -20"><span class='ocrx_word' id='word_1_24' title='bbox 424 569 716 653; x_wconf 88' lang='lat' dir='ltr'><strong>reliquit,</strong></span> <span class='ocrx_word' id='word_1_25' title='bbox 771 569 1041 633; x_wconf 88' lang='lat' dir='ltr'><strong>tertium</strong></span> <span class='ocrx_word' id='word_1_26' title='bbox 1095 567 1485 653; x_wconf 86' lang='lat' dir='ltr'><strong>Iugurtham</strong></span> <span class='ocrx_word' id='word_1_27' title='bbox 1538 566 1857 632; x_wconf 83' lang='lat' dir='ltr'><strong>benificiis</strong></span> <span class='ocrx_word' id='word_1_28' title='bbox 1913 565 2047 630; x_wconf 89' lang='lat' dir='ltr'><strong>suis</strong></span> <span class='ocrx_word' id='word_1_29' title='bbox 2102 570 2288 631; x_wconf 86' lang='lat' dir='ltr'><strong>ratus</strong></span> <span class='ocrx_word' id='word_1_30' title='bbox 2346 572 2452 631; x_wconf 88' lang='lat' dir='ltr'><strong>est</strong></span> 
     </span>
     <span class='ocr_line' id='line_1_5' title="bbox 426 655 2452 738; baseline -0.001 -16"><span class='ocrx_word' id='word_1_31' title='bbox 426 658 841 722; x_wconf 90' lang='lat' dir='ltr'><strong>coniunctum</strong></span> <span class='ocrx_word' id='word_1_32' title='bbox 886 656 1077 720; x_wconf 89' lang='lat' dir='ltr'><strong>nobis</strong></span> <span class='ocrx_word' id='word_1_33' title='bbox 1122 655 1278 720; x_wconf 87' lang='lat' dir='ltr'><strong>fore.</strong></span> <span class='ocrx_word' id='word_1_34' title='bbox 1346 655 1512 719; x_wconf 86' lang='lat' dir='ltr'><strong>alter</strong></span> <span class='ocrx_word' id='word_1_35' title='bbox 1557 676 1782 719; x_wconf 92' lang='lat' dir='ltr'><strong>eorum</strong></span> <span class='ocrx_word' id='word_1_36' title='bbox 1816 658 2084 719; x_wconf 87' lang='lat' dir='ltr'><strong>necatus</strong></span> <span class='ocrx_word' id='word_1_37' title='bbox 2122 658 2241 738; x_wconf 91' lang='lat' dir='ltr'><strong>est,</strong></span> <span class='ocrx_word' id='word_1_38' title='bbox 2291 656 2452 719; x_wconf 90' lang='lat' dir='ltr'><strong>alte-</strong></span> 
     </span>
    </p>

    <p class='ocr_par' dir='ltr' id='par_1_4' title="bbox 324 742 2451 1624">
     <span class='ocr_line' id='line_1_6' title="bbox 324 742 2451 830; baseline -0 -22"><span class='ocrx_word' id='word_1_39' title='bbox 324 759 387 808; x_wconf 76' lang='grc'><strong>15</strong></span> <span class='ocrx_word' id='word_1_40' title='bbox 426 747 563 810; x_wconf 88' lang='grc'>11116</span> <span class='ocrx_word' id='word_1_41' title='bbox 619 746 758 830; x_wconf 87' lang='lat' dir='ltr'><strong>ipse</strong></span> <span class='ocrx_word' id='word_1_42' title='bbox 813 763 935 829; x_wconf 90' lang='lat' dir='ltr'><strong>ego</strong></span> <span class='ocrx_word' id='word_1_43' title='bbox 982 765 1212 807; x_wconf 88' lang='lat' dir='ltr'><strong>manus</strong></span> <span class='ocrx_word' id='word_1_44' title='bbox 1265 743 1479 826; x_wconf 90' lang='lat' dir='ltr'><strong>inpias</strong></span> <span class='ocrx_word' id='word_1_45' title='bbox 1532 743 1642 807; x_wconf 81' lang='lat' dir='ltr'><strong>vix</strong></span> <span class='ocrx_word' id='word_1_46' title='bbox 1688 742 1903 827; x_wconf 86' lang='lat' dir='ltr'><strong>effugi.</strong></span> <span class='ocrx_word' id='word_1_47' title='bbox 1995 743 2150 825; x_wconf 88' lang='lat' dir='ltr'><strong>quid</strong></span> <span class='ocrx_word' id='word_1_48' title='bbox 2205 745 2451 829; x_wconf 74' lang='lat' dir='ltr'><strong>agam?</strong></span> 
     </span>
     <span class='ocr_line' id='line_1_7' title="bbox 425 831 2450 918; baseline -0.001 -20"><span class='ocrx_word' id='word_1_49' title='bbox 425 838 539 898; x_wconf 91' lang='lat' dir='ltr'><strong>aut</strong></span> <span class='ocrx_word' id='word_1_50' title='bbox 585 855 713 918; x_wconf 92' lang='lat' dir='ltr'><strong>quo</strong></span> <span class='ocrx_word' id='word_1_51' title='bbox 759 832 1195 916; x_wconf 72' lang='lat' dir='ltr'><strong>potissumum</strong></span> <span class='ocrx_word' id='word_1_52' title='bbox 1249 831 1477 910; x_wconf 81' lang='lat' dir='ltr'><strong>infelix</strong></span> <span class='ocrx_word' id='word_1_53' title='bbox 1522 831 1871 895; x_wconf 76' lang='lat' dir='ltr'>adcedam?</span> <span class='ocrx_word' id='word_1_54' title='bbox 1962 831 2217 916; x_wconf 90' lang='lat' dir='ltr'><strong>generis</strong></span> <span class='ocrx_word' id='word_1_55' title='bbox 2262 854 2450 915; x_wconf 87' lang='lat' dir='ltr'><strong>prae-</strong></span> 
     </span>
     <span class='ocr_line' id='line_1_8' title="bbox 425 918 2448 1004; baseline -0.001 -18"><span class='ocrx_word' id='word_1_56' title='bbox 425 922 590 987; x_wconf 90' lang='lat' dir='ltr'><strong>sidia</strong></span> <span class='ocrx_word' id='word_1_57' title='bbox 653 920 873 985; x_wconf 90' lang='lat' dir='ltr'><strong>omnia</strong></span> <span class='ocrx_word' id='word_1_58' title='bbox 935 920 1223 985; x_wconf 83' lang='lat' dir='ltr'><strong>extincta</strong></span> <span class='ocrx_word' id='word_1_59' title='bbox 1277 922 1447 983; x_wconf 90' lang='lat' dir='ltr'><strong>sunt.</strong></span> <span class='ocrx_word' id='word_1_60' title='bbox 1537 923 1751 1002; x_wconf 90' lang='lat' dir='ltr'><strong>pater,</strong></span> <span class='ocrx_word' id='word_1_61' title='bbox 1813 918 1915 982; x_wconf 91' lang='lat' dir='ltr'><strong>uti</strong></span> <span class='ocrx_word' id='word_1_62' title='bbox 1965 940 2227 983; x_wconf 90' lang='lat' dir='ltr'><strong>necesse</strong></span> <span class='ocrx_word' id='word_1_63' title='bbox 2283 924 2448 1004; x_wconf 89' lang='lat' dir='ltr'><strong>erat,</strong></span> 
     </span>
     <span class='ocr_line' id='line_1_9' title="bbox 420 1007 2448 1092; baseline -0 -19"><span class='ocrx_word' id='word_1_64' title='bbox 420 1014 694 1073; x_wconf 87' lang='lat' dir='ltr'><strong>naturae</strong></span> <span class='ocrx_word' id='word_1_65' title='bbox 750 1007 1087 1073; x_wconf 77' lang='lat' dir='ltr'><strong>concessit.</strong></span> <span class='ocrx_word' id='word_1_66' title='bbox 1175 1007 1367 1071; x_wconf 87' lang='lat' dir='ltr'><strong>fratri</strong></span> <span class='ocrx_word' id='word_1_67' title='bbox 1431 1028 1624 1090; x_wconf 87' lang='lat' dir='ltr'><strong>quem</strong></span> <span class='ocrx_word' id='word_1_68' title='bbox 1679 1007 1964 1071; x_wconf 86' lang='lat' dir='ltr'><strong>minume</strong></span> <span class='ocrx_word' id='word_1_69' title='bbox 2019 1007 2237 1071; x_wconf 90' lang='lat' dir='ltr'><strong>decuit</strong></span> <span class='ocrx_word' id='word_1_70' title='bbox 2297 1031 2448 1092; x_wconf 91' lang='lat' dir='ltr'><strong>pro-</strong></span> 
     </span>
     <span class='ocr_line' id='line_1_10' title="bbox 423 1095 2447 1181; baseline -0 -20"><span class='ocrx_word' id='word_1_71' title='bbox 423 1098 654 1181; x_wconf 91' lang='lat' dir='ltr'><strong>pincus</strong></span> <span class='ocrx_word' id='word_1_72' title='bbox 699 1118 815 1180; x_wconf 89' lang='lat' dir='ltr'><strong>per</strong></span> <span class='ocrx_word' id='word_1_73' title='bbox 861 1096 1070 1160; x_wconf 87' lang='lat' dir='ltr'><strong>scelus</strong></span> <span class='ocrx_word' id='word_1_74' title='bbox 1123 1095 1331 1159; x_wconf 81' lang='lat' dir='ltr'><strong>vitam</strong></span> <span class='ocrx_word' id='word_1_75' title='bbox 1385 1095 1641 1178; x_wconf 87' lang='lat' dir='ltr'><strong>eripuit.</strong></span> <span class='ocrx_word' id='word_1_76' title='bbox 1732 1095 1961 1159; x_wconf 86' lang='lat' dir='ltr'><strong>adfinis</strong></span> <span class='ocrx_word' id='word_1_77' title='bbox 2009 1095 2252 1160; x_wconf 90' lang='lat' dir='ltr'><strong>amicos</strong></span> <span class='ocrx_word' id='word_1_78' title='bbox 2297 1118 2447 1179; x_wconf 90' lang='lat' dir='ltr'><strong>pro-</strong></span> 
     </span>
     <span class='ocr_line' id='line_1_11' title="bbox 423 1183 2447 1269; baseline -0.001 -20"><span class='ocrx_word' id='word_1_79' title='bbox 423 1185 702 1269; x_wconf 89' lang='lat' dir='ltr'><strong>pinquos</strong></span> <span class='ocrx_word' id='word_1_80' title='bbox 769 1187 1020 1250; x_wconf 90' lang='lat' dir='ltr'><strong>ceteros</strong></span> <span class='ocrx_word' id='word_1_81' title='bbox 1087 1204 1266 1248; x_wconf 89' lang='lat' dir='ltr'><strong>meos</strong></span> <span class='ocrx_word' id='word_1_82' title='bbox 1341 1183 1543 1248; x_wconf 88' lang='lat' dir='ltr'><strong>alium</strong></span> <span class='ocrx_word' id='word_1_83' title='bbox 1604 1183 1734 1247; x_wconf 85' lang='lat' dir='ltr'><strong>alia</strong></span> <span class='ocrx_word' id='word_1_84' title='bbox 1805 1183 2018 1248; x_wconf 85' lang='lat' dir='ltr'>clades</span> <span class='ocrx_word' id='word_1_85' title='bbox 2088 1183 2447 1268; x_wconf 77' lang='lat' dir='ltr'><strong>obpressit.</strong></span> 
     </span>
     <span class='ocr_line' id='line_1_12' title="bbox 426 1271 2446 1373; baseline 0 -36"><span class='ocrx_word' id='word_1_86' title='bbox 426 1273 601 1356; x_wconf 87' lang='lat' dir='ltr'><strong>capti</strong></span> <span class='ocrx_word' id='word_1_87' title='bbox 657 1273 737 1337; x_wconf 90' lang='lat' dir='ltr'><strong>ab</strong></span> <span class='ocrx_word' id='word_1_88' title='bbox 785 1271 1107 1373; x_wconf 79' lang='lat' dir='ltr'><strong>Iugurtha</strong></span> <span class='ocrx_word' id='word_1_89' title='bbox 1167 1293 1320 1355; x_wconf 86' lang='lat' dir='ltr'><strong>pars</strong></span> <span class='ocrx_word' id='word_1_90' title='bbox 1374 1272 1445 1335; x_wconf 91' lang='lat' dir='ltr'><strong>in</strong></span> <span class='ocrx_word' id='word_1_91' title='bbox 1490 1293 1746 1336; x_wconf 90' lang='lat' dir='ltr'><strong>crucem</strong></span> <span class='ocrx_word' id='word_1_92' title='bbox 1800 1272 1931 1336; x_wconf 91' lang='lat' dir='ltr'><strong>acti</strong></span> <span class='ocrx_word' id='word_1_93' title='bbox 2002 1293 2154 1355; x_wconf 89' lang='lat' dir='ltr'><strong>pars</strong></span> <span class='ocrx_word' id='word_1_94' title='bbox 2209 1272 2446 1338; x_wconf 89' lang='lat' dir='ltr'><strong>bestiis</strong></span> 
     </span>
     <span class='ocr_line' id='line_1_13' title="bbox 426 1359 2449 1445; baseline 0 -20"><span class='ocrx_word' id='word_1_95' title='bbox 426 1362 664 1427; x_wconf 87' lang='lat' dir='ltr'><strong>obiecti</strong></span> <span class='ocrx_word' id='word_1_96' title='bbox 710 1366 880 1445; x_wconf 90' lang='lat' dir='ltr'><strong>sunt,</strong></span> <span class='ocrx_word' id='word_1_97' title='bbox 916 1361 1124 1445; x_wconf 92' lang='lat' dir='ltr'><strong>pauci,</strong></span> <span class='ocrx_word' id='word_1_98' title='bbox 1172 1360 1407 1444; x_wconf 91' lang='lat' dir='ltr'><strong>quibus</strong></span> <span class='ocrx_word' id='word_1_99' title='bbox 1445 1359 1675 1424; x_wconf 89' lang='lat' dir='ltr'><strong>relicta</strong></span> <span class='ocrx_word' id='word_1_100' title='bbox 1710 1364 1812 1423; x_wconf 90' lang='lat' dir='ltr'><strong>est</strong></span> <span class='ocrx_word' id='word_1_101' title='bbox 1847 1360 2080 1442; x_wconf 89' lang='lat' dir='ltr'><strong>anima,</strong></span> <span class='ocrx_word' id='word_1_102' title='bbox 2126 1360 2393 1424; x_wconf 89' lang='lat' dir='ltr'><strong>clausi</strong></span> <span class='ocrx_word' id='word_1_103' title='bbox 2373 1384 2449 1425; x_wconf 90' lang='grc'><strong>111</strong></span> 
     </span>
     <span class='ocr_line' id='line_1_14' title="bbox 426 1447 2448 1532; baseline 0 -19"><span class='ocrx_word' id='word_1_104' title='bbox 426 1450 711 1515; x_wconf 86' lang='lat' dir='ltr'><strong>tenebris</strong></span> <span class='ocrx_word' id='word_1_105' title='bbox 759 1472 906 1514; x_wconf 91' lang='lat' dir='ltr'><strong>cum</strong></span> <span class='ocrx_word' id='word_1_106' title='bbox 945 1470 1234 1513; x_wconf 88' lang='lat' dir='ltr'><strong>maerore</strong></span> <span class='ocrx_word' id='word_1_107' title='bbox 1281 1451 1349 1512; x_wconf 89' lang='lat' dir='ltr'><strong>et</strong></span> <span class='ocrx_word' id='word_1_108' title='bbox 1384 1448 1568 1513; x_wconf 89' lang='lat' dir='ltr'><strong>luctu</strong></span> <span class='ocrx_word' id='word_1_109' title='bbox 1606 1451 1814 1512; x_wconf 87' lang='lat' dir='ltr'><strong>morte</strong></span> <span class='ocrx_word' id='word_1_110' title='bbox 1843 1449 2209 1532; x_wconf 81' lang='lat' dir='ltr'><strong>graviorem</strong></span> <span class='ocrx_word' id='word_1_111' title='bbox 2234 1447 2448 1513; x_wconf 83' lang='lat' dir='ltr'><strong>vitam</strong></span> 
     </span>
     <span class='ocr_line' id='line_1_15' title="bbox 425 1539 711 1624; baseline -0.003 -22"><span class='ocrx_word' id='word_1_112' title='bbox 425 1539 711 1624; x_wconf 85' lang='lat' dir='ltr'><strong>exigunt.</strong></span> 
     </span>
    </p>

    <p class='ocr_par' dir='ltr' id='par_1_5' title="bbox 323 1624 2446 1973">
     <span class='ocr_line' id='line_1_16' title="bbox 323 1624 2445 1710; baseline 0 -21"><span class='ocrx_word' id='word_1_113' title='bbox 323 1640 387 1689; x_wconf 86' lang='lat'><strong>16</strong></span> <span class='ocrx_word' id='word_1_114' title='bbox 560 1625 630 1690; x_wconf 84' lang='lat' dir='ltr'><strong>Si</strong></span> <span class='ocrx_word' id='word_1_115' title='bbox 678 1626 920 1710; x_wconf 79' lang='lat' dir='ltr'><strong>omnia,</strong></span> <span class='ocrx_word' id='word_1_116' title='bbox 975 1646 1139 1707; x_wconf 87' lang='lat' dir='ltr'><strong>quae</strong></span> <span class='ocrx_word' id='word_1_117' title='bbox 1193 1627 1309 1688; x_wconf 87' lang='lat' dir='ltr'><strong>aut</strong></span> <span class='ocrx_word' id='word_1_118' title='bbox 1365 1624 1554 1688; x_wconf 90' lang='lat' dir='ltr'><strong>amisi</strong></span> <span class='ocrx_word' id='word_1_119' title='bbox 1609 1627 1723 1687; x_wconf 90' lang='lat' dir='ltr'><strong>aut</strong></span> <span class='ocrx_word' id='word_1_120' title='bbox 1778 1645 1856 1687; x_wconf 84' lang='lat' dir='ltr'><strong>ex</strong></span> <span class='ocrx_word' id='word_1_121' title='bbox 1905 1625 2288 1688; x_wconf 86' lang='lat' dir='ltr'><strong>necessariis</strong></span> <span class='ocrx_word' id='word_1_122' title='bbox 2338 1627 2445 1689; x_wconf 88' lang='lat' dir='ltr'><strong>ad-</strong></span> 
     </span>
     <span class='ocr_line' id='line_1_17' title="bbox 426 1711 2446 1796; baseline 0 -19"><span class='ocrx_word' id='word_1_123' title='bbox 426 1735 621 1778; x_wconf 83' lang='lat' dir='ltr'><strong>vorsa</strong></span> <span class='ocrx_word' id='word_1_124' title='bbox 663 1711 840 1777; x_wconf 88' lang='lat' dir='ltr'><strong>facta</strong></span> <span class='ocrx_word' id='word_1_125' title='bbox 885 1716 1054 1796; x_wconf 90' lang='lat' dir='ltr'><strong>sunt,</strong></span> <span class='ocrx_word' id='word_1_126' title='bbox 1099 1712 1453 1776; x_wconf 80' lang='lat' dir='ltr'><strong>incolumia</strong></span> <span class='ocrx_word' id='word_1_127' title='bbox 1497 1714 1851 1795; x_wconf 88' lang='lat' dir='ltr'><strong>manerent,</strong></span> <span class='ocrx_word' id='word_1_128' title='bbox 1895 1716 2132 1795; x_wconf 86' lang='lat' dir='ltr'><strong>tamen,</strong></span> <span class='ocrx_word' id='word_1_129' title='bbox 2182 1713 2241 1775; x_wconf 93' lang='lat' dir='ltr'><strong>si</strong></span> <span class='ocrx_word' id='word_1_130' title='bbox 2285 1713 2446 1795; x_wconf 88' lang='lat' dir='ltr'><strong>quid</strong></span> 
     </span>
     <span class='ocr_line' id='line_1_18' title="bbox 426 1799 2445 1899; baseline -0.001 -33"><span class='ocrx_word' id='word_1_131' title='bbox 426 1823 505 1866; x_wconf 86' lang='lat' dir='ltr'><strong>ex</strong></span> <span class='ocrx_word' id='word_1_132' title='bbox 557 1801 887 1883; x_wconf 86' lang='lat' dir='ltr'><strong>inproviso</strong></span> <span class='ocrx_word' id='word_1_133' title='bbox 945 1800 1100 1864; x_wconf 91' lang='lat' dir='ltr'><strong>mali</strong></span> <span class='ocrx_word' id='word_1_134' title='bbox 1155 1801 1523 1884; x_wconf 83' lang='lat' dir='ltr'><strong>accidisset,</strong></span> <span class='ocrx_word' id='word_1_135' title='bbox 1576 1820 1693 1864; x_wconf 82' lang='lat' dir='ltr'><strong>vos</strong></span> <span class='ocrx_word' id='word_1_136' title='bbox 1746 1799 2167 1899; x_wconf 81' lang='lat' dir='ltr'><strong>inplorarem,</strong></span> <span class='ocrx_word' id='word_1_137' title='bbox 2219 1804 2445 1883; x_wconf 88' lang='lat' dir='ltr'><strong>patres</strong></span> 
     </span>
     <span class='ocr_line' id='line_1_19' title="bbox 428 1851 2446 1973; baseline -0.001 -19"><span class='ocrx_word' id='word_1_138' title='bbox 428 1888 807 1972; x_wconf 83' lang='lat' dir='ltr'><strong>conscripti,</strong></span> <span class='ocrx_word' id='word_1_139' title='bbox 863 1888 1098 1971; x_wconf 89' lang='lat' dir='ltr'><strong>quibus</strong></span> <span class='ocrx_word' id='word_1_140' title='bbox 1143 1910 1263 1973; x_wconf 93' lang='lat' dir='ltr'><strong>pro</strong></span> <span class='ocrx_word' id='word_1_141' title='bbox 1309 1851 1757 1973; x_wconf 85' lang='lat' dir='ltr'><strong>magnitudine</strong></span> <span class='ocrx_word' id='word_1_142' title='bbox 1802 1887 2034 1971; x_wconf 90' lang='lat' dir='ltr'><strong>imperi</strong></span> <span class='ocrx_word' id='word_1_143' title='bbox 2080 1888 2182 1951; x_wconf 88' lang='lat' dir='ltr'><strong>ius</strong></span> <span class='ocrx_word' id='word_1_144' title='bbox 2237 1893 2304 1952; x_wconf 91' lang='lat' dir='ltr'><strong>et</strong></span> <span class='ocrx_word' id='word_1_145' title='bbox 2349 1889 2446 1952; x_wconf 92' lang='grc'>111-</span> 
     </span>
    </p>

    <p class='ocr_par' dir='ltr' id='par_1_6' title="bbox 324 1975 2448 2591">
     <span class='ocr_line' id='line_1_20' title="bbox 324 1975 2448 2060; baseline 0 -20"><span class='ocrx_word' id='word_1_146' title='bbox 324 1992 386 2040; x_wconf 82' lang='grc'><strong>17</strong></span> <span class='ocrx_word' id='word_1_147' title='bbox 428 1977 627 2041; x_wconf 89' lang='lat' dir='ltr'><strong>iurias</strong></span> <span class='ocrx_word' id='word_1_148' title='bbox 676 1976 887 2040; x_wconf 89' lang='lat' dir='ltr'><strong>omnis</strong></span> <span class='ocrx_word' id='word_1_149' title='bbox 934 1998 1123 2041; x_wconf 89' lang='lat' dir='ltr'><strong>curae</strong></span> <span class='ocrx_word' id='word_1_150' title='bbox 1170 1997 1311 2041; x_wconf 90' lang='grc'>6666</span> <span class='ocrx_word' id='word_1_151' title='bbox 1358 1977 1559 2041; x_wconf 86' lang='lat' dir='ltr'><strong>decet.</strong></span> <span class='ocrx_word' id='word_1_152' title='bbox 1621 1996 1791 2039; x_wconf 91' lang='lat' dir='ltr'><strong>nunc</strong></span> <span class='ocrx_word' id='word_1_153' title='bbox 1834 1996 1988 2040; x_wconf 84' lang='lat' dir='ltr'><strong>vero</strong></span> <span class='ocrx_word' id='word_1_154' title='bbox 2035 1976 2181 2039; x_wconf 83' lang='lat' dir='ltr'><strong>exul</strong></span> <span class='ocrx_word' id='word_1_155' title='bbox 2226 1975 2448 2060; x_wconf 88' lang='lat' dir='ltr'><strong>patria</strong></span> 
     </span>
     <span class='ocr_line' id='line_1_21' title="bbox 426 2063 2446 2150; baseline 0 -22"><span class='ocrx_word' id='word_1_156' title='bbox 426 2067 646 2148; x_wconf 78' lang='lat' dir='ltr'><strong>domn,</strong></span> <span class='ocrx_word' id='word_1_157' title='bbox 703 2065 880 2128; x_wconf 88' lang='lat' dir='ltr'><strong>solus</strong></span> <span class='ocrx_word' id='word_1_158' title='bbox 937 2068 1131 2148; x_wconf 91' lang='lat' dir='ltr'><strong>atque</strong></span> <span class='ocrx_word' id='word_1_159' title='bbox 1180 2065 1469 2128; x_wconf 87' lang='lat' dir='ltr'><strong>omnium</strong></span> <span class='ocrx_word' id='word_1_160' title='bbox 1513 2063 1937 2129; x_wconf 89' lang='lat' dir='ltr'><strong>honestarum</strong></span> <span class='ocrx_word' id='word_1_161' title='bbox 1982 2085 2198 2127; x_wconf 90' lang='lat' dir='ltr'><strong>rerum</strong></span> <span class='ocrx_word' id='word_1_162' title='bbox 2244 2085 2446 2150; x_wconf 85' lang='lat' dir='ltr'><strong>egens</strong></span> 
     </span>
     <span class='ocr_line' id='line_1_22' title="bbox 427 2152 2447 2253; baseline 0.001 -37"><span class='ocrx_word' id='word_1_163' title='bbox 427 2174 556 2253; x_wconf 84' lang='lat' dir='ltr'><strong>quo</strong></span> <span class='ocrx_word' id='word_1_164' title='bbox 594 2152 900 2217; x_wconf 89' lang='lat' dir='ltr'><strong>adcedam</strong></span> <span class='ocrx_word' id='word_1_165' title='bbox 935 2157 1050 2216; x_wconf 88' lang='lat' dir='ltr'><strong>aut</strong></span> <span class='ocrx_word' id='word_1_166' title='bbox 1087 2174 1249 2237; x_wconf 88' lang='lat' dir='ltr'><strong>quos</strong></span> <span class='ocrx_word' id='word_1_167' title='bbox 1287 2152 1651 2237; x_wconf 76' lang='lat' dir='ltr'><strong>appellem?</strong></span> <span class='ocrx_word' id='word_1_168' title='bbox 1694 2152 2075 2217; x_wconf 87' lang='lat' dir='ltr'><strong>nationesne</strong></span> <span class='ocrx_word' id='word_1_169' title='bbox 2117 2174 2201 2216; x_wconf 87' lang='lat' dir='ltr'><strong>an</strong></span> <span class='ocrx_word' id='word_1_170' title='bbox 2236 2174 2447 2238; x_wconf 80' lang='lat' dir='ltr'><strong>regeS‚</strong></span> 
     </span>
     <span class='ocr_line' id='line_1_23' title="bbox 429 2241 2449 2324; baseline 0 -19"><span class='ocrx_word' id='word_1_171' title='bbox 429 2241 540 2324; x_wconf 88' lang='lat' dir='ltr'><strong>qui</strong></span> <span class='ocrx_word' id='word_1_172' title='bbox 588 2263 810 2306; x_wconf 90' lang='lat' dir='ltr'><strong>omnes</strong></span> <span class='ocrx_word' id='word_1_173' title='bbox 855 2241 1143 2306; x_wconf 83' lang='lat' dir='ltr'><strong>familiae</strong></span> <span class='ocrx_word' id='word_1_174' title='bbox 1186 2246 1451 2306; x_wconf 88' lang='lat' dir='ltr'><strong>nostrae</strong></span> <span class='ocrx_word' id='word_1_175' title='bbox 1498 2241 1581 2305; x_wconf 93' lang='lat' dir='ltr'><strong>ob</strong></span> <span class='ocrx_word' id='word_1_176' title='bbox 1627 2244 1919 2305; x_wconf 85' lang='lat' dir='ltr'><strong>vostram</strong></span> <span class='ocrx_word' id='word_1_177' title='bbox 1956 2241 2313 2310; x_wconf 88' lang='lat' dir='ltr'><strong>amicitiam</strong></span> <span class='ocrx_word' id='word_1_178' title='bbox 2350 2242 2449 2305; x_wconf 90' lang='lat' dir='ltr'><strong>in·</strong></span> 
     </span>
     <span class='ocr_line' id='line_1_24' title="bbox 424 2328 2447 2414; baseline 0.001 -21"><span class='ocrx_word' id='word_1_179' title='bbox 424 2329 580 2394; x_wconf 85' lang='lat' dir='ltr'><strong>festi</strong></span> <span class='ocrx_word' id='word_1_180' title='bbox 634 2330 831 2394; x_wconf 79' lang='lat' dir='ltr'><strong>sunt?</strong></span> <span class='ocrx_word' id='word_1_181' title='bbox 896 2352 978 2394; x_wconf 90' lang='lat' dir='ltr'><strong>an</strong></span> <span class='ocrx_word' id='word_1_182' title='bbox 1032 2352 1358 2414; x_wconf 89' lang='lat' dir='ltr'><strong>quoquam</strong></span> <span class='ocrx_word' id='word_1_183' title='bbox 1422 2328 1585 2393; x_wconf 90' lang='lat' dir='ltr'><strong>mihi</strong></span> <span class='ocrx_word' id='word_1_184' title='bbox 1648 2329 1824 2394; x_wconf 86' lang='lat' dir='ltr'><strong>adire</strong></span> <span class='ocrx_word' id='word_1_185' title='bbox 1887 2329 2068 2413; x_wconf 88' lang='lat' dir='ltr'><strong>licet,</strong></span> <span class='ocrx_word' id='word_1_186' title='bbox 2130 2330 2246 2394; x_wconf 92' lang='lat' dir='ltr'><strong>ubi</strong></span> <span class='ocrx_word' id='word_1_187' title='bbox 2309 2352 2447 2395; x_wconf 89' lang='lat' dir='ltr'><strong>non</strong></span> 
     </span>
     <span class='ocr_line' id='line_1_25' title="bbox 427 2418 2446 2502; baseline 0 -20"><span class='ocrx_word' id='word_1_188' title='bbox 427 2418 747 2482; x_wconf 91' lang='lat' dir='ltr'><strong>maiorum</strong></span> <span class='ocrx_word' id='word_1_189' title='bbox 802 2440 1094 2483; x_wconf 89' lang='lat' dir='ltr'><strong>meorum</strong></span> <span class='ocrx_word' id='word_1_190' title='bbox 1138 2418 1409 2482; x_wconf 89' lang='lat' dir='ltr'><strong>hostilia</strong></span> <span class='ocrx_word' id='word_1_191' title='bbox 1453 2421 1875 2481; x_wconf 88' lang='lat' dir='ltr'><strong>monumenta</strong></span> <span class='ocrx_word' id='word_1_192' title='bbox 1916 2418 2218 2502; x_wconf 91' lang='lat' dir='ltr'><strong>pluruma</strong></span> <span class='ocrx_word' id='word_1_193' title='bbox 2263 2419 2446 2482; x_wconf 78' lang='lat' dir='ltr'><strong>sint?</strong></span> 
     </span>
     <span class='ocr_line' id='line_1_26' title="bbox 427 2505 2445 2591; baseline 0.001 -22"><span class='ocrx_word' id='word_1_194' title='bbox 427 2511 541 2571; x_wconf 86' lang='lat' dir='ltr'><strong>aut</strong></span> <span class='ocrx_word' id='word_1_195' title='bbox 602 2507 945 2591; x_wconf 91' lang='lat' dir='ltr'><strong>quisquam</strong></span> <span class='ocrx_word' id='word_1_196' title='bbox 997 2506 1210 2571; x_wconf 87' lang='lat' dir='ltr'><strong>nostri</strong></span> <span class='ocrx_word' id='word_1_197' title='bbox 1263 2506 1557 2570; x_wconf 88' lang='lat' dir='ltr'><strong>misereri</strong></span> <span class='ocrx_word' id='word_1_198' title='bbox 1610 2509 1857 2589; x_wconf 89' lang='lat' dir='ltr'><strong>potest,</strong></span> <span class='ocrx_word' id='word_1_199' title='bbox 1922 2506 2034 2590; x_wconf 92' lang='lat' dir='ltr'><strong>qui</strong></span> <span class='ocrx_word' id='word_1_200' title='bbox 2093 2505 2445 2589; x_wconf 85' lang='lat' dir='ltr'><strong>aliquando</strong></span> 
     </span>
    </p>

    <p class='ocr_par' dir='ltr' id='par_1_7' title="bbox 325 2592 2448 3030">
     <span class='ocr_line' id='line_1_27' title="bbox 325 2592 2448 2677; baseline 0.001 -21"><span class='ocrx_word' id='word_1_201' title='bbox 325 2609 387 2657; x_wconf 89' lang='lat'><strong>18</strong></span> <span class='ocrx_word' id='word_1_202' title='bbox 425 2596 611 2659; x_wconf 82' lang='lat' dir='ltr'><strong>vobis</strong></span> <span class='ocrx_word' id='word_1_203' title='bbox 657 2594 869 2659; x_wconf 89' lang='lat' dir='ltr'><strong>hostis</strong></span> <span class='ocrx_word' id='word_1_204' title='bbox 916 2594 1085 2659; x_wconf 78' lang='lat' dir='ltr'><strong>fuit?</strong></span> <span class='ocrx_word' id='word_1_205' title='bbox 1173 2598 1507 2677; x_wconf 91' lang='lat' dir='ltr'><strong>postremo</strong></span> <span class='ocrx_word' id='word_1_206' title='bbox 1554 2592 1902 2658; x_wconf 88' lang='lat' dir='ltr'><strong>Masinissa</strong></span> <span class='ocrx_word' id='word_1_207' title='bbox 1943 2616 2064 2659; x_wconf 90' lang='lat' dir='ltr'><strong>nos</strong></span> <span class='ocrx_word' id='word_1_208' title='bbox 2119 2594 2214 2657; x_wconf 87' lang='lat' dir='ltr'><strong>ita</strong></span> <span class='ocrx_word' id='word_1_209' title='bbox 2259 2595 2448 2658; x_wconf 88' lang='lat' dir='ltr'><strong>insti·</strong></span> 
     </span>
     <span class='ocr_line' id='line_1_28' title="bbox 427 2681 2448 2766; baseline 0 -21"><span class='ocrx_word' id='word_1_210' title='bbox 427 2683 575 2765; x_wconf 89' lang='lat' dir='ltr'><strong>tuit,</strong></span> <span class='ocrx_word' id='word_1_211' title='bbox 619 2685 841 2766; x_wconf 88' lang='lat' dir='ltr'><strong>patres</strong></span> <span class='ocrx_word' id='word_1_212' title='bbox 888 2681 1257 2764; x_wconf 86' lang='lat' dir='ltr'><strong>conscripti,</strong></span> <span class='ocrx_word' id='word_1_213' title='bbox 1299 2703 1383 2744; x_wconf 88' lang='lat' dir='ltr'><strong>ne</strong></span> <span class='ocrx_word' id='word_1_214' title='bbox 1430 2702 1622 2763; x_wconf 89' lang='lat' dir='ltr'><strong>quem</strong></span> <span class='ocrx_word' id='word_1_215' title='bbox 1668 2681 2024 2746; x_wconf 88' lang='lat' dir='ltr'><strong>coleremus</strong></span> <span class='ocrx_word' id='word_1_216' title='bbox 2068 2682 2196 2745; x_wconf 87' lang='lat' dir='ltr'><strong>nisi</strong></span> <span class='ocrx_word' id='word_1_217' title='bbox 2240 2704 2448 2765; x_wconf 90' lang='lat' dir='ltr'><strong>popu-</strong></span> 
     </span>
     <span class='ocr_line' id='line_1_29' title="bbox 425 2768 2447 2852; baseline 0 -19"><span class='ocrx_word' id='word_1_218' title='bbox 425 2771 563 2834; x_wconf 89' lang='lat' dir='ltr'><strong>lum</strong></span> <span class='ocrx_word' id='word_1_219' title='bbox 609 2769 1003 2852; x_wconf 88' lang='lat' dir='ltr'><strong>Romanum,</strong></span> <span class='ocrx_word' id='word_1_220' title='bbox 1055 2790 1137 2832; x_wconf 93' lang='lat' dir='ltr'><strong>ne</strong></span> <span class='ocrx_word' id='word_1_221' title='bbox 1194 2768 1540 2832; x_wconf 87' lang='lat' dir='ltr'><strong>societates</strong></span> <span class='ocrx_word' id='word_1_222' title='bbox 1551 2819 1568 2852; x_wconf 93' lang='lat'><strong>,</strong></span> <span class='ocrx_word' id='word_1_223' title='bbox 1619 2790 1702 2832; x_wconf 87' lang='lat' dir='ltr'><strong>ne</strong></span> <span class='ocrx_word' id='word_1_224' title='bbox 1755 2768 2016 2833; x_wconf 87' lang='lat' dir='ltr'><strong>foedera</strong></span> <span class='ocrx_word' id='word_1_225' title='bbox 2073 2791 2243 2834; x_wconf 86' lang='lat' dir='ltr'><strong>nova</strong></span> <span class='ocrx_word' id='word_1_226' title='bbox 2281 2771 2447 2835; x_wconf 89' lang='lat' dir='ltr'><strong>acci·</strong></span> 
     </span>
     <span class='ocr_line' id='line_1_30' title="bbox 425 2855 2448 2940; baseline 0.002 -21"><span class='ocrx_word' id='word_1_227' title='bbox 425 2859 754 2940; x_wconf 74' lang='lat' dir='ltr'><strong>paremus:</strong></span> <span class='ocrx_word' id='word_1_228' title='bbox 828 2856 1080 2920; x_wconf 90' lang='lat' dir='ltr'><strong>abunde</strong></span> <span class='ocrx_word' id='word_1_229' title='bbox 1152 2877 1390 2940; x_wconf 88' lang='lat' dir='ltr'><strong>magna</strong></span> <span class='ocrx_word' id='word_1_230' title='bbox 1452 2855 1775 2939; x_wconf 90' lang='lat' dir='ltr'><strong>praesidia</strong></span> <span class='ocrx_word' id='word_1_231' title='bbox 1835 2858 2026 2921; x_wconf 88' lang='lat' dir='ltr'><strong>nobis</strong></span> <span class='ocrx_word' id='word_1_232' title='bbox 2089 2858 2158 2922; x_wconf 91' lang='lat' dir='ltr'><strong>in</strong></span> <span class='ocrx_word' id='word_1_233' title='bbox 2216 2863 2448 2923; x_wconf 83' lang='lat' dir='ltr'><strong>vostra</strong></span> 
     </span>
     <span class='ocr_line' id='line_1_31' title="bbox 428 2943 2447 3030; baseline 0.002 -22"><span class='ocrx_word' id='word_1_234' title='bbox 428 2944 717 3008; x_wconf 88' lang='lat' dir='ltr'><strong>amicitia</strong></span> <span class='ocrx_word' id='word_1_235' title='bbox 761 2943 927 3027; x_wconf 69' lang='lat' dir='ltr'><strong>fore,</strong></span> <span class='ocrx_word' id='word_1_236' title='bbox 973 2943 1029 3007; x_wconf 92' lang='lat' dir='ltr'><strong>si</strong></span> <span class='ocrx_word' id='word_1_237' title='bbox 1073 2943 1224 3008; x_wconf 89' lang='lat' dir='ltr'><strong>huic</strong></span> <span class='ocrx_word' id='word_1_238' title='bbox 1269 2945 1544 3028; x_wconf 90' lang='lat' dir='ltr'><strong>imperio</strong></span> <span class='ocrx_word' id='word_1_239' title='bbox 1589 2943 1855 3008; x_wconf 88' lang='lat' dir='ltr'><strong>fortuna</strong></span> <span class='ocrx_word' id='word_1_240' title='bbox 1889 2949 2267 3030; x_wconf 88' lang='lat' dir='ltr'><strong>mutaretur,</strong></span> <span class='ocrx_word' id='word_1_241' title='bbox 2314 2970 2447 3012; x_wconf 88' lang='lat' dir='ltr'><strong>una</strong></span> 
     </span>
    </p>

    <p class='ocr_par' dir='ltr' id='par_1_8' title="bbox 324 3031 2448 3292">
     <span class='ocr_line' id='line_1_32' title="bbox 324 3031 2444 3101; baseline 0.002 -4"><span class='ocrx_word' id='word_1_242' title='bbox 324 3047 388 3098; x_wconf 80' lang='lat'><strong>19</strong></span> <span class='ocrx_word' id='word_1_243' title='bbox 429 3033 855 3097; x_wconf 91' lang='lat' dir='ltr'><strong>occidundum</strong></span> <span class='ocrx_word' id='word_1_244' title='bbox 925 3031 1117 3096; x_wconf 91' lang='lat' dir='ltr'><strong>nobis</strong></span> <span class='ocrx_word' id='word_1_245' title='bbox 1181 3053 1340 3096; x_wconf 88' lang='lat' dir='ltr'><strong>esse.</strong></span> <span class='ocrx_word' id='word_1_246' title='bbox 1450 3032 1694 3097; x_wconf 82' lang='lat' dir='ltr'><strong>virtute</strong></span> <span class='ocrx_word' id='word_1_247' title='bbox 1767 3055 1844 3097; x_wconf 89' lang='lat' dir='ltr'><strong>ac</strong></span> <span class='ocrx_word' id='word_1_248' title='bbox 1906 3033 2005 3097; x_wconf 90' lang='lat' dir='ltr'><strong>dis</strong></span> <span class='ocrx_word' id='word_1_249' title='bbox 2069 3033 2444 3101; x_wconf 85' lang='lat' dir='ltr'><strong>volentibus</strong></span> 
     </span>
     <span class='ocr_line' id='line_1_33' title="bbox 427 3120 2448 3206; baseline 0.001 -22"><span class='ocrx_word' id='word_1_250' title='bbox 427 3121 649 3206; x_wconf 87' lang='lat' dir='ltr'><strong>magni</strong></span> <span class='ocrx_word' id='word_1_251' title='bbox 694 3120 853 3184; x_wconf 89' lang='lat' dir='ltr'><strong>estis</strong></span> <span class='ocrx_word' id='word_1_252' title='bbox 900 3123 967 3183; x_wconf 94' lang='lat' dir='ltr'><strong>et</strong></span> <span class='ocrx_word' id='word_1_253' title='bbox 1012 3120 1321 3204; x_wconf 87' lang='lat' dir='ltr'><strong>opulenti,</strong></span> <span class='ocrx_word' id='word_1_254' title='bbox 1369 3121 1588 3184; x_wconf 90' lang='lat' dir='ltr'><strong>omnia</strong></span> <span class='ocrx_word' id='word_1_255' title='bbox 1624 3121 1903 3185; x_wconf 89' lang='lat' dir='ltr'><strong>secunda</strong></span> <span class='ocrx_word' id='word_1_256' title='bbox 1938 3125 2005 3185; x_wconf 88' lang='lat' dir='ltr'><strong>et</strong></span> <span class='ocrx_word' id='word_1_257' title='bbox 2033 3122 2448 3187; x_wconf 89' lang='lat' dir='ltr'><strong>oboedientia</strong></span> 
     </span>
     <span class='ocr_line' id='line_1_34' title="bbox 428 3207 2265 3292; baseline 0.001 -20"><span class='ocrx_word' id='word_1_258' title='bbox 428 3213 607 3273; x_wconf 89' lang='lat' dir='ltr'><strong>sunt:</strong></span> <span class='ocrx_word' id='word_1_259' title='bbox 656 3229 783 3292; x_wconf 91' lang='lat' dir='ltr'><strong>quo</strong></span> <span class='ocrx_word' id='word_1_260' title='bbox 828 3207 1086 3273; x_wconf 87' lang='lat' dir='ltr'><strong>facilius</strong></span> <span class='ocrx_word' id='word_1_261' title='bbox 1133 3208 1459 3273; x_wconf 90' lang='lat' dir='ltr'><strong>sociorum</strong></span> <span class='ocrx_word' id='word_1_262' title='bbox 1504 3208 1776 3274; x_wconf 84' lang='lat' dir='ltr'><strong>iniurias</strong></span> <span class='ocrx_word' id='word_1_263' title='bbox 1822 3231 2046 3275; x_wconf 87' lang='lat' dir='ltr'><strong>curare</strong></span> <span class='ocrx_word' id='word_1_264' title='bbox 2091 3210 2265 3274; x_wconf 89' lang='lat' dir='ltr'><strong>licet.</strong></span> 
     </span>
    </p>

    <p class='ocr_par' dir='ltr' id='par_1_9' title="bbox 320 3296 2447 3648">
     <span class='ocr_line' id='line_1_35' title="bbox 320 3296 2447 3382; baseline 0.002 -21"><span class='ocrx_word' id='word_1_265' title='bbox 320 3312 388 3362; x_wconf 83' lang='lat'><strong>20</strong></span> <span class='ocrx_word' id='word_1_266' title='bbox 576 3296 858 3360; x_wconf 88' lang='lat' dir='ltr'><strong>Tantum</strong></span> <span class='ocrx_word' id='word_1_267' title='bbox 920 3296 1081 3360; x_wconf 92' lang='lat' dir='ltr'><strong>illud</strong></span> <span class='ocrx_word' id='word_1_268' title='bbox 1142 3318 1399 3382; x_wconf 83' lang='lat' dir='ltr'><strong>vereor,</strong></span> <span class='ocrx_word' id='word_1_269' title='bbox 1461 3318 1542 3361; x_wconf 91' lang='lat' dir='ltr'><strong>ne</strong></span> <span class='ocrx_word' id='word_1_270' title='bbox 1608 3319 1769 3380; x_wconf 88' lang='lat' dir='ltr'><strong>quos</strong></span> <span class='ocrx_word' id='word_1_271' title='bbox 1833 3298 2090 3382; x_wconf 83' lang='lat' dir='ltr'><strong>privata</strong></span> <span class='ocrx_word' id='word_1_272' title='bbox 2153 3299 2447 3365; x_wconf 87' lang='lat' dir='ltr'><strong>amicitia</strong></span> 
     </span>
     <span class='ocr_line' id='line_1_36' title="bbox 425 3384 2444 3474; baseline 0.002 -25"><span class='ocrx_word' id='word_1_273' title='bbox 425 3384 782 3469; x_wconf 83' lang='lat' dir='ltr'><strong>Iugurthae</strong></span> <span class='ocrx_word' id='word_1_274' title='bbox 828 3405 1058 3466; x_wconf 90' lang='lat' dir='ltr'><strong>parum</strong></span> <span class='ocrx_word' id='word_1_275' title='bbox 1105 3385 1371 3470; x_wconf 88' lang='lat' dir='ltr'><strong>cognita</strong></span> <span class='ocrx_word' id='word_1_276' title='bbox 1416 3389 1826 3451; x_wconf 85' lang='lat' dir='ltr'><strong>transvorsos</strong></span> <span class='ocrx_word' id='word_1_277' title='bbox 1873 3389 2044 3472; x_wconf 90' lang='lat' dir='ltr'><strong>agat.</strong></span> <span class='ocrx_word' id='word_1_278' title='bbox 2109 3408 2273 3469; x_wconf 88' lang='lat' dir='ltr'><strong>quos</strong></span> <span class='ocrx_word' id='word_1_279' title='bbox 2320 3409 2444 3474; x_wconf 86' lang='lat' dir='ltr'><strong>ego</strong></span> 
     </span>
     <span class='ocr_line' id='line_1_37' title="bbox 426 3473 2446 3560; baseline 0.002 -24"><span class='ocrx_word' id='word_1_280' title='bbox 426 3473 615 3536; x_wconf 91' lang='lat' dir='ltr'><strong>audio</strong></span> <span class='ocrx_word' id='word_1_281' title='bbox 663 3494 966 3536; x_wconf 87' lang='lat' dir='ltr'><strong>maxuma</strong></span> <span class='ocrx_word' id='word_1_282' title='bbox 1011 3494 1132 3557; x_wconf 92' lang='lat' dir='ltr'><strong>ope</strong></span> <span class='ocrx_word' id='word_1_283' title='bbox 1176 3474 1302 3537; x_wconf 86' lang='lat' dir='ltr'><strong>niti</strong></span> <span class='ocrx_word' id='word_1_284' title='bbox 1350 3474 1595 3537; x_wconf 87' lang='lat' dir='ltr'><strong>ambire</strong></span> <span class='ocrx_word' id='word_1_285' title='bbox 1642 3474 1920 3559; x_wconf 85' lang='lat' dir='ltr'><strong>fatigare</strong></span> <span class='ocrx_word' id='word_1_286' title='bbox 1965 3497 2081 3539; x_wconf 82' lang='lat' dir='ltr'><strong>vos</strong></span> <span class='ocrx_word' id='word_1_287' title='bbox 2129 3475 2446 3560; x_wconf 87' lang='lat' dir='ltr'><strong>singulos,</strong></span> 
     </span>
     <span class='ocr_line' id='line_1_38' title="bbox 424 3559 2446 3648; baseline 0.003 -26"><span class='ocrx_word' id='word_1_288' title='bbox 424 3582 505 3623; x_wconf 87' lang='lat' dir='ltr'><strong>ne</strong></span> <span class='ocrx_word' id='word_1_289' title='bbox 553 3559 707 3643; x_wconf 88' lang='lat' dir='ltr'><strong>quid</strong></span> <span class='ocrx_word' id='word_1_290' title='bbox 753 3560 830 3624; x_wconf 93' lang='lat' dir='ltr'><strong>de</strong></span> <span class='ocrx_word' id='word_1_291' title='bbox 878 3562 1147 3626; x_wconf 85' lang='lat' dir='ltr'><strong>absente</strong></span> <span class='ocrx_word' id='word_1_292' title='bbox 1192 3560 1530 3645; x_wconf 88' lang='lat' dir='ltr'><strong>incognita</strong></span> <span class='ocrx_word' id='word_1_293' title='bbox 1574 3582 1769 3625; x_wconf 89' lang='lat' dir='ltr'><strong>causa</strong></span> <span class='ocrx_word' id='word_1_294' title='bbox 1814 3564 2151 3626; x_wconf 90' lang='lat' dir='ltr'><strong>statuatis·</strong></span> <span class='ocrx_word' id='word_1_295' title='bbox 2196 3564 2446 3648; x_wconf 85' lang='lat' dir='ltr'><strong>fingere</strong></span> 
     </span>
    </p>
   </div>
  </div>
 </body>
</html>
