2650 4059
419 242 572 296 XXII
765 241 862 295 DE
901 241 958 299 C.
997 240 1386 298 SALLUSTIO
1425 240 1675 298 CRISPO
1712 241 2172 299 TESTIMONIA.

420 437 434 451 .
474 438 485 451 .
525 391 687 469 quod
734 392 977 470 quidem
1020 412 1142 452 nou
1186 392 1352 469 fugit
1393 391 1695 451 hominem
1753 411 2013 470 nequam
2059 390 2444 468 Sallustium,

419 481 521 556 qui
569 480 658 540 ait
708 479 872 555 [Cat.
918 484 975 547 1,
1019 477 1130 553 2].·
1188 474 1318 539 ‘sed
1370 483 1580 540 nostra
1636 481 1829 540 omnis
1883 480 1976 541 vis
2021 480 2086 538 iu
2131 480 2335 539 animo
2383 483 2446 541 et

417 587 664 644 corpore
721 569 839 629 sita
887 570 1003 644 est;
1058 568 1245 627 animi
1289 568 1571 645 imperiO,
1628 569 1893 645 eorporis
1949 568 2194 629 servitio
2240 568 2445 645 magis

416 650 688 715 utimur?
776 658 954 733 recte,
1000 655 1053 715 si
1096 655 1186 714 ita
1229 655 1505 735 vixisset,
1551 660 1623 715 ut
1667 657 1909 718 locutus
1955 660 2062 716 est.

548 780 925 855 Symmach.
971 797 1054 852 ep.
1117 779 1174 838 V
1213 780 1295 838 68
1340 775 1494 851 (66),
1539 782 1624 838 2.-

417 864 797 943 [Sallustius]
841 865 1098 943 scriptor
1133 867 1275 926 stilo
1318 870 1563 926 tantum
1604 867 1968 945 probandae,
2012 886 2156 927 nam
2199 887 2443 927 morum

420 957 549 1016 eius
594 956 813 1014 damna
856 974 977 1014 non
1022 955 1255 1032 sinunt,
1310 957 1384 1014 ut
1438 954 1512 1013 ab
1568 955 1676 1015 illo
1735 955 2011 1033 agundae
2057 956 2222 1017 vitae
2267 960 2442 1031 peta-

418 1048 522 1103 tur
565 1043 911 1103 auctoritas,

550 1163 812 1225 Mam-ob.
858 1168 981 1226 III
1033 1168 1123 1234 13,
1169 1170 1243 1226 9.·

423 1301 434 1313 .
473 1297 489 1314 .
527 1253 853 1314 Sallustius
906 1254 1297 1333 gravissimus
1354 1255 1584 1315 alienae
1639 1255 1916 1314 luxuriae
1976 1255 2333 1332 obiurgator
2380 1259 2445 1314 et

420 1361 642 1403 censor.

552 1466 923 1541 Λαμπετίη.
970 1469 1040 1527 de
1084 1470 1187 1526 civ.
1234 1468 1327 1526 dei
1383 1467 1521 1526 VII
1559 1468 1601 1524 3
1634 1484 1700 1540 p.
1745 1468 1874 1527 278
1915 1466 2152 1526 Domb..·

474 1602 485 1614 .
525 1556 620 1616 vir
662 1554 1091 1614 disertissimus
1139 1553 1469 1614 Sallustius
1509 1601 1521 1613 .
1561 1600 1574 1614 .
1614 1600 1628 1613 .

423 1811 435 1824 .
475 1812 488 1825 .
527 1675 889 1842 821?ssssng
892 1723 905 1736 .
916 1681 1272 1825 ngtflitatae
1317 1766 1593 1827 veritatis
1638 1766 1958 1826 historicus
1996 1811 2010 1825 .
2048 1811 2064 1825 .

551 1890 727 1949 Isia.
774 1891 915 1962 oriy.
966 1889 1153 1948 XIII
1180 1892 1283 1956 21,
1330 1892 1439 1950 10.-

423 1977 749 2037 Sallustius
796 1979 999 2037 autem
1044 1980 1256 2037 auctor
1301 1977 1672 2038 certissimus
1711 2023 1723 2037 .
1764 2024 1777 2037 .
1818 2024 1832 2037 .

480 2119 485 2122 ’
553 2101 763 2160 Mart.
813 2100 982 2160 XIV
1019 2103 1167 2160 191.-

598 2188 713 2247 Hic
761 2189 891 2265 erit,
938 2191 1010 2248 ut
1054 2190 1373 2266 perhibent
1417 2190 1730 2250 doctorum
1778 2190 1958 2248 corda
2002 2191 2290 2268 virorum,

739 2277 977 2336 Primus
1020 2278 1290 2337 Romana
1337 2275 1584 2354 Crispus
1629 2278 1694 2336 in
1739 2277 2009 2338 historia.
