2650 4059
406 243 492 308 94
1054 241 1110 297 C.
1151 241 1490 297 SALLUS'I'I
1525 241 1757 297 CRISPI
1890 275 1898 284 ·

333 403 366 452 8
405 387 716 453 exercitui
771 387 931 453 satis
987 408 1304 472 superque
1357 387 1545 452 foret.
1634 391 1971 472 praeterea
2035 392 2408 453 conmeatus

327 529 348 545 .
406 497 519 560 spe
566 475 867 560 amplior,
923 475 1076 559 quia
1119 473 1467 559 Numidae,
1521 475 1716 540 sicuti
1775 474 2068 559 plerique
2121 476 2191 539 in
2242 496 2411 540 nova

77 563 747 647 Mmeditione,
784 561 1000 628 officia
1024 563 1451 627 intenderant.
1498 566 1786 628 ceterum
1817 562 2060 628 milites
2097 562 2407 648 religione

402 651 624 735 pluvia
676 649 887 736 magis
945 651 1074 729 usi,
1137 671 1339 734 eaque
1386 671 1489 715 res
1552 650 1832 714 multum
1896 649 2130 715 animis
2185 671 2408 715 eorum

405 738 676 822 addidit,
740 759 824 802 na
945 701 1074 801 rati
1129 759 1270 803 sese
1324 738 1424 802 dis
1486 737 1942 803 inmortalibus
2006 758 2197 803 curae
2251 758 2406 803 esse.

51 807 390 906 mlleom
846 847 955 889 ero
1019 825 1121 889 die
1186 829 1414 890 contra
1476 825 1848 909 opinionem
1908 823 2265 911 Iugurthae
2301 826 2414 908 ,ad

225 911 327 978 :¹²1
405 913 678 978 Thalam
721 912 1123 999 perveniunt.
1206 912 1539 996 oppidani,
1605 912 1717 997 qui
1770 933 1840 977 se
1883 913 2177 978 locorum
2231 934 2404 997 aspe-

221 945 283 1044 sp
404 1001 600 1066 ritate
655 1001 941 1066 munitos
998 1001 1426 1084 crediderant,
1479 1021 1716 1086 magna
1769 1004 1962 1083 atque
2017 1000 2287 1066 insolita
2339 1021 2407 1064 re

402 1085 730 1173 perculsi,
757 1087 975 1153 nihilo
1032 1088 1294 1173 863111118
1349 1087 1592 1152 bellum
1644 1109 1904 1172 parare3
1963 1088 2136 1153 idem
2197 1088 2407 1153 nostri

301 1177 383 1241 76
404 1175 630 1241 facere.
649 1169 712 1278 js
715 1169 835 1240 sed
885 1197 997 1240 rex
1048 1175 1212 1240 nihil
1267 1175 1401 1240 iam
1453 1175 1766 1242 infectum
1809 1174 2076 1240 Metello
2123 1176 2407 1259 credenS,
2458 1171 2465 1181 ’

405 1264 641 1348 quippe
690 1264 799 1347 qui
847 1263 1079 1347 omnia,
1125 1284 1305 1328 arma
1350 1263 1501 1346 tela,
1543 1263 1725 1328 locos
1771 1267 2084 1347 tempora,
2131 1263 2408 1347 denique

401 1356 702 1416 naturam
746 1351 959 1435 ipsam
1004 1351 1235 1416 ceteris
1271 1314 1756 1434 imperitantem
1791 1350 2110 1415 industria
2143 1351 2408 1433 vicerat,

404 1461 550 1504 cum
595 1439 821 1503 liberis
869 1441 936 1503 et
971 1459 1209 1525 magna
1242 1442 1431 1523 parte
1464 1439 1773 1523 pecuniae
1810 1460 1889 1503 ex
1926 1439 2163 1522 oppido
2207 1441 2407 1503 noctu

401 1527 713 1613 profugit.
794 1546 1002 1610 neque
1047 1530 1278 1610 postea
1320 1525 1392 1590 in
1433 1526 1568 1591 ullo
1614 1526 1758 1591 loco
1805 1525 2083 1609 amplius
2126 1548 2259 1591 uno
2303 1525 2407 1590 die
2485 1609 2490 1614 Α

403 1619 518 1679 aut
562 1636 691 1678 una
733 1617 925 1692 nocte
972 1618 1293 1678 moratus:
1343 1613 1692 1679 simulabat
1737 1635 1878 1678 sese
1920 1614 2147 1699 negoti
2193 1614 2407 1699 gratia

400 1723 788 1786 properare,
820 1704 1107 1765 ceterum
1149 1701 1584 1785 proditionem
1627 1701 1922 1784 timebat,
1968 1722 2162 1784 quam
2198 1701 2406 1766 vitare

400 1810 593 1874 posse
639 1788 969 1854 celeritate
1011 1789 1313 1872 putabat:
1358 1811 1511 1854 nam
1546 1788 1705 1853 talia
1741 1751 2011 1853 consilia
2043 1811 2160 1872 per
2198 1789 2406 1853 otium

330 1892 362 1941 2
401 1881 469 1943 et
512 1899 590 1940 ex
637 1876 1125 1960 opportunitate
1172 1877 1332 1960 capi.
1409 1881 1478 1941 at
1522 1875 1845 1960 Metellus,
1887 1876 2002 1941 ubi
2047 1877 2405 1960 oppidanos

399 1964 647 2049 proelio
702 1964 1018 2048 intentos,
1076 1964 1270 2029 simul
1326 1964 1634 2048 oppidum
1686 1969 1754 2029 et
1799 1963 2100 2048 operibus
2147 1969 2215 2028 et
2258 1964 2405 2029 loco

328 2068 361 2115 8
400 2052 723 2117 munitum
750 2051 943 2136 videt,
969 2052 1140 2117 vallo
1168 2052 1473 2136 fossaque
1501 2052 1757 2117 moenia
1783 2051 2220 2117 circumvenit.
2257 2051 2409 2116 dein

400 2140 651 2204 duobus
679 2139 840 2204 locis
867 2161 946 2204 ex
974 2140 1161 2224 copia
1187 2161 1485 2205 maxume
1512 2139 1761 2204 idoneis
1788 2140 2009 2204 vineas
2039 2160 2247 2240 agere,
2278 2140 2407 2220 [su-

399 2249 640 2312 perque
685 2230 821 2309 688]
866 2248 1169 2313 aggerem
1214 2227 1421 2292 iacere
1466 2230 1534 2291 et
1582 2227 1804 2311 [super
1847 2229 2177 2314 aggerem]
2225 2227 2408 2311 inpo-

327 2332 360 2379 4
400 2315 546 2380 sitis
592 2316 884 2381 turribus
931 2336 1093 2399 opus
1140 2319 1207 2380 et
1244 2314 1662 2380 administros
1699 2315 1929 2399 tutari3
1973 2317 2203 2379 contra
2245 2314 2407 2380 haec

399 2403 703 2487 oppidani
737 2403 1047 2469 festinare
1083 2424 1339 2487 parare:
1374 2423 1641 2487 prorsus
1678 2402 1759 2466 ab
1795 2402 2088 2486 utrisque
2112 2402 2282 2466 nihil
2315 2424 2407 2467 re·

328 2506 360 2555 ὁ
398 2491 596 2556 11611111
625 2490 781 2556 fieri.
819 2491 1092 2574 denique
1111 2490 1408 2574 Romani,
1445 2489 1651 2556 multo
1691 2492 1840 2554 ante
1867 2490 2089 2555 labore
2116 2489 2409 2573 proeliis·

398 2600 521 2662 que
566 2578 855 2663 fatigati,
908 2582 1060 2662 post
1113 2578 1249 2642 dies
1295 2578 1727 2664 quadraginta
1779 2598 1973 2661 quam
2018 2599 2094 2642 60
2140 2581 2409 2642 ventum

396 2669 563 2749 erat,
617 2665 855 2765 oppido
910 2664 1101 2729 modo
1147 2664 1371 2748 potiti·
1434 2666 1674 2749 praeda
1730 2666 1939 2730 omnis
1985 2666 2067 2729 ab
2113 2658 2410 2751 perfugis

327 2770 358 2818 6
398 2751 728 2836 conrupta.
794 2752 855 2816 ei
898 2754 1250 2836 postquam
1294 2774 1551 2818 murum
1596 2752 1908 2818 arietibus
1951 2752 2130 2817 feriri
2174 2774 2407 2836 resque

398 2861 547 2904 suas
595 2838 887 2904 adflictas
932 2838 1180 2924 vident,
1233 2861 1463 2905 aurum
1520 2844 1714 2925 atque
1761 2843 2100 2926 argentum
2146 2844 2213 2904 et
2259 2840 2408 2923 alia,

398 2948 559 3012 quae
604 2927 816 3011 prima
860 2927 1206 3012 ducuntur,
1251 2928 1514 2993 domum
1558 2928 1806 3014 regiam
1851 2931 2266 3011 conportant.
2313 2892 2410 2993 ibi

396 3015 547 3080 vino
593 3018 661 3080 et
697 3015 904 3099 epulis
943 3015 1195 3080 onerati
1229 3015 1471 3099 illaque
1513 3020 1582 3081 et
1617 3016 1882 3081 domum
1918 3018 1985 3079 et
2024 3018 2230 3079 semet
2265 3015 2412 3101 igni

398 3106 848 3203 conrumpunt,
894 3106 962 3168 et
1007 3124 1167 3186 quas
1212 3103 1372 3168 victi
1418 3104 1500 3168 ab
1536 3102 1838 3169 hostibus
1883 3123 2125 3189 poenas
2163 3107 2413 3169 metue-

398 3194 566 3272 rant,
612 3210 722 3254 eas
768 3190 894 3274 ipsi
940 3190 1230 3255 volentes
1276 3191 1652 3275 pependere.

293 3278 373 3345 77
532 3275 658 3341 Sed
720 3278 967 3361 pariter
1030 3299 1178 3343 cum
1240 3282 1433 3362 capta
1492 3278 1700 3343 'Phala
1760 3278 1966 3366 legati
2023 3301 2104 3345 ex
2166 3279 2414 3364 oppido

396 3363 588 3449 Lepti
633 3364 716 3428 ad
720 3298 1100 3431 pMetellum
1152 3370 1462 3431 venerant
1517 3370 1805 3450 orantes,
1856 3367 1957 3431 uti
2010 3366 2414 3451 praesidium

396 3450 926 3535 praefectumque
963 3473 1039 3518 eo
1076 3453 1402 3518 mitteret.
1446 3418 1886 3518 Hamilcarem
1925 3455 2262 3539 quendam,
2297 3455 2416 3520 ho-

397 3537 636 3602 minem
689 3539 980 3605 nobilem
1032 3538 1410 3620 factiosum,
1465 3540 1652 3606 novis
1705 3541 1898 3605 rebus
1955 3542 2242 3623 studere,
2306 3542 2413 3607 ad-
