2650 4059
939 934 1013 1008 C.
1068 932 1530 1007 SALLUSTI
1585 932 1887 1007 CRISPI

692 1096 1169 1181 BELLUM
1250 1097 2119 1199 IUGURTHINUM.

345 1267 377 1334 l
533 1264 727 1336 Falso
794 1265 1086 1348 queritur
1154 1265 1230 1329 de
1292 1269 1530 1329 natura
1594 1288 1714 1330 sua
1775 1287 1978 1351 genus
2040 1266 2420 1350 humanum,

403 1354 576 1437 quod
628 1353 932 1418 inbecilla
987 1357 1182 1436 atque
1237 1353 1380 1417 aevi
1437 1354 1653 1418 brevis
1711 1353 1883 1418 forte
1940 1354 2163 1438 potius
2220 1376 2420 1437 quam

331 1458 362 1505 2
400 1442 643 1506 virtute
688 1445 971 1525 regatur.
1059 1463 1213 1505 nam
1269 1444 1498 1505 contra
1541 1441 1901 1525 reputando
1926 1463 2156 1525 ‚neque
2201 1443 2417 1506 maius

401 1530 577 1594 aliud
628 1550 837 1613 neque
890 1528 1353 1612 praestabilius
1412 1530 1703 1594 invenias
1750 1530 2087 1614 magisque
2140 1534 2418 1595 naturae

399 1617 789 1682 industriam
851 1615 1190 1680 hominum
1245 1638 1441 1699 quam
1494 1618 1628 1681 vim
1692 1621 1807 1681 aut
1860 1621 2118 1701 tempus
2174 1618 2415 1683 deesse.

330 1722 361 1769 3
402 1706 513 1769 sed
560 1705 688 1768 dux
733 1707 929 1786 atque
975 1704 1330 1786 imperator
1374 1706 1547 1770 vitae
1585 1705 1963 1769 mortalium
2002 1705 2257 1770 animus
2296 1710 2415 1770 est.

402 1792 515 1875 qui
557 1791 670 1856 ubi
717 1792 797 1854 ad
834 1790 1110 1876 gloriam
1147 1792 1410 1857 virtutis
1448 1793 1554 1857 via
1590 1796 1945 1879 grassatur,
1990 1793 2242 1859 abunde
2277 1794 2415 1877 pol-

400 1881 540 1944 lens
566 1882 927 1963 potensque
965 1883 1032 1943 et
1061 1880 1272 1944 clarus
1302 1885 1404 1944 est
1428 1903 1637 1965 neque
1664 1881 1928 1945 fortuna
1955 1886 2107 1965 eget
2145 1879 2414 1966 (quippe

399 1966 797 2052 probitatem
831 1966 1220 2031 industriam
1257 1968 1547 2052 aliasque
1584 1970 1746 2033 artis
1772 1970 1978 2034 bonas
2013 1990 2222 2053 neque
2260 1970 2414 2034 dare

330 2072 364 2118 4
400 2076 607 2155 neque
654 2055 900 2139 cripere
947 2056 1248 2138 cuiquam
1292 2055 1559 2141 potest).
1642 2057 1746 2121 sin
1791 2061 2017 2141 captus
2043 2057 2271 2157 ‚pravis
2310 2079 2415 2121 cu-

398 2136 727 2227 pidinibus
783 2143 862 2207 ad
908 2143 1211 2208 inertiam
1248 2148 1334 2207 -et
1379 2145 1750 2229 voluptates
1807 2146 2095 2228 corporis
2146 2166 2416 2229 pessum

401 2231 593 2295 datus
637 2236 753 2315 est,
797 2232 1160 2315 perniciosa
1203 2232 1491 2296 lubidine
1535 2233 1864 2333 paulisper
1906 2233 2252 2317 113113,11111
2295 2255 2417 2317 per

401 2320 763 2384 socordiam
807 2320 978 2385 vires
1025 2324 1282 2404 tempus
1336 2320 1671 2405 ingenium
1725 2320 2087 2405 diffluxere,
2138 2325 2414 2385 naturae

397 2407 744 2473 infirmitas
800 2412 1167 2473 accusatur:
1231 2430 1417 2473 suam
1472 2409 1745 2492 quisque
1799 2408 2055 2491 culpam
2112 2412 2412 2474 auctores

328 2511 359 2559 5
399 2497 479 2561 ad
521 2497 790 2582 negotia
834 2496 1252 2561 transferunt.
1336 2497 1510 2580 quod
1554 2497 1611 2561 si
1663 2496 2037 2561 hominibus
2090 2498 2415 2562 bonarum

398 2606 613 2649 rerum
658 2587 846 2648 tanta
889 2605 1045 2647 cura
1089 2587 1277 2665 essct,
1325 2588 1568 2666 quanto
1617 2584 1833 2649 studio
1882 2584 2092 2649 aliena
2133 2607 2209 2649 ac
2243 2585 2414 2649 1111111

396 2672 740 2755 profutura
802 2671 1135 2753 multaque
1196 2634 1396 2734 etiam
1458 2672 1825 2755 periculosa
1879 2677 2140 2757 petunt,
2200 2695 2413 2774 nequ-e

398 2764 776 2845 regerentur
830 2758 1042 2843 magis
1090 2779 1285 2840 quam
1331 2763 1632 2845 regerent
1687 2781 1873 2825 casus
1929 2764 1997 2824 et
2040 2782 2117 2826 eo
2164 2761 2414 2845 magni-

398 2848 644 2911 tudinis
690 2846 1129 2930 procederent,
1173 2846 1288 2910 ubi
1333 2870 1452 2931 pro
1491 2848 1878 2912 mortalibus
1916 2849 2129 2934 gloria
2161 2849 2414 2913 aeterni

335 2937 376 3000 2
396 2937 644 3000 fierent.
714 2956 870 2998 nam
913 2934 1015 2997 uti
1060 2955 1262 3019 genus
1307 2935 1648 2999 hominum
1694 2937 2104 3021 conpositum
2150 2958 2228 3000 ex
2274 2958 2413 3001 cor-

393 3045 551 3108 pore
598 3026 665 3087 et
711 3021 928 3085 anima
972 3027 1098 3104 est,
1162 3022 1258 3086 ita
1312 3044 1414 3087 res
1472 3027 1740 3088 cunctae
1794 3023 2135 3108 studiaque
2191 3024 2415 3089 omnia

394 3115 623 3176 nostra
686 3110 975 3193 corporis
1037 3072 1191 3192 alia,
1264 3111 1395 3174 alia
1457 3110 1657 3175 animi
1718 3115 2020 3175 naturam
2085 3116 2412 3177 secuntur.

326 3216 357 3264 2
396 3199 600 3283 igitur
650 3198 985 3282 praeclara
1028 3198 1255 3282 facies,
1318 3220 1594 3285 magnae
1650 3199 1941 3283 divitiae,
2005 3201 2085 3263 ad
2138 3200 2263 3264 hoc
2306 3201 2410 3264 vis

397 3287 687 3370 corporis
733 3290 800 3350 et
846 3286 975 3350 alia
1021 3286 1237 3350 omnia
1271 3286 1540 3351 huiusce
1585 3287 1763 3351 modi
1796 3287 1979 3351 brevi
2015 3288 2411 3372 dilabuntur,

395 3379 466 3440 at
526 3374 747 3462 ingeni
810 3375 1072 3460 egregia
1134 3373 1425 3438 facinora
1488 3374 1682 3439 sicuti
1747 3375 1964 3438 anima
2035 3375 2413 3440 inmortalia

326 3482 355 3528 3
395 3467 565 3528 sunt.
635 3467 967 3548 postremo
1015 3463 1304 3545 corporis
1352 3466 1419 3526 et
1463 3462 1762 3526 fortunae
1806 3463 2127 3527 bonorum
2167 3467 2244 3528 ut
2289 3464 2412 3529 1111-

394 3552 560 3615 tium
616 3552 709 3618 sic
753 3551 902 3615 finis
950 3554 1077 3632 est,
1141 3550 1484 3633 omniaque
1540 3554 1687 3614 orta
1742 3550 2041 3615 occidunt
2096 3556 2163 3616 et
2216 3557 2412 3617 aucta
