2650 4059
629 241 921 297 BELLUM
959 241 1348 298 CATILINAE
1386 259 1433 298 c.
1474 248 1698 298 17-20.
2106 241 2185 304 11

150 409 238 452 ea
295 409 367 451 re
429 386 699 472 cognita
751 408 974 451 rursus
1027 387 1098 451 in
1150 409 1356 451 nonas
1402 386 1793 452 Februarias
1848 386 2192 452 consilium
2227 402 2260 450 6

152 474 381 539 caedis
428 475 922 539 transtulerant.
1011 474 1145 539 iam
1188 479 1334 539 tum
1376 497 1510 541 non
1554 475 1929 540 consulibus
1974 474 2187 557 mod0,
2227 490 2260 538 7

152 563 279 627 3οᾶ
343 562 672 646 plerisque
737 562 1150 628 senatoribus
1212 563 1567 647 perniciem
1630 563 2186 628 machinabantur.

154 650 341 734 quod
395 651 470 715 ni
517 649 801 716 Catilina
846 655 1240 716 maturasset
1292 672 1413 734 pro
1462 652 1641 717 curia
1686 652 1947 736 signum
1992 649 2186 714 sociis
2225 665 2257 712 8

152 740 340 821 dare,
387 760 465 803 eo
512 738 615 803 die
660 742 813 822 post
859 739 1189 803 conditam
1233 739 1464 803 urbem
1500 738 1778 803 Romam
1813 758 2205 823 pessumum-

153 826 421 891 facinus
474 830 811 910 patratum
863 825 1052 891 foret.
1144 827 1299 910 quia
1343 828 1629 892 nondum
1673 826 2046 910 frequentes
2092 847 2188 889 ar-

155 915 333 978 mati
388 918 848 998 convenerant,
908 936 984 979 ea
1038 936 1141 979 res
1196 915 1542 980 consilium
1589 915 1866 979 diremit.
1955 917 2188 997 postea
2209 916 2292 980 19

156 1002 322 1067 Ρ130
378 1003 449 1067 111
505 1003 874 1068 citeriorem
918 1002 1306 1086 Hispaniam
1362 1007 1671 1087 quaestor
1723 1025 1842 1088 pro
1887 1005 2187 1086 praetore

155 1091 410 1155 missus
466 1095 568 1154 est
624 1091 956 1155 adnitente
1003 1089 1268 1174 Crasso,
1327 1091 1502 1173 quod
1546 1113 1695 1155 eum
1739 1091 2051 1155 infestum
2095 1090 2189 1153 in-

156 1178 438 1243 imicum
485 1177 600 1243 Cn.
646 1177 958 1261 Pompeio
1007 1181 1418 1264 cognoverat.
1506 1200 1715 1262 neque
1753 1183 1974 1256 tamen
2010 1200 2187 1242 sena·
2225 1193 2256 1239 2

157 1271 274 1331 tus
321 1266 728 1350 provinciam
772 1267 1016 1332 invitus
1062 1267 1344 1349 dederat,
1391 1266 1628 1350 quippe
1675 1265 1936 1330 foedum
1982 1265 2188 1330 homi·

156 1376 317 1419 nem
354 1376 396 1418 a
430 1375 500 1418 re
536 1354 800 1438 publica
834 1354 1060 1438 procul
1098 1376 1239 1420 esse
1276 1353 1564 1437 volebat,
1610 1354 1805 1418 simul
1843 1354 1996 1436 quia
2031 1353 2187 1417 110111

161 1443 513 1526 conplures
558 1442 955 1526 praesidium
1000 1442 1071 1507 in
1113 1464 1190 1507 eo
1236 1442 1563 1526 putabant
1608 1446 1675 1506 et
1718 1442 1852 1506 iam
1898 1445 2040 1504 tum
2079 1462 2189 1524 po-

161 1531 378 1595 tentia
422 1529 694 1613 Pompei
738 1530 1165 1594 formidulosa
1209 1533 1368 1594 erat.
1460 1530 1574 1594 sed
1628 1530 1685 1594 is
1730 1528 1885 1593 Piso
1931 1529 2002 1593 in
2044 1550 2189 1612 pro·
2226 1545 2258 1593 3

161 1619 384 1683 vincia
431 1618 514 1683 ab
561 1618 890 1701 equitibus
935 1617 1267 1702 Hispanis,
1314 1639 1478 1701 quos
1523 1618 1594 1682 in
1638 1617 1924 1682 exercitu
1973 1617 2190 1681 dueta-

162 1708 313 1790 bat,
376 1706 505 1769 iter
566 1705 808 1771 faciens
877 1706 1126 1771 occisus
1191 1709 1310 1770 est.
1412 1710 1565 1769 sunt
1629 1705 1741 1788 qui
1801 1706 1900 1769 ita
1952 1705 2188 1788 dicant,
2218 1719 2260 1767 ·4

162 1794 448 1879 imperia
491 1794 630 1858 eius
676 1793 921 1858 iniusta
967 1795 1245 1877 superba
1290 1793 1576 1859 crudelia
1619 1794 1935 1857 barbaros
1969 1793 2189 1876 nequi-

162 1883 343 1948 visse
388 1882 558 1966 pati3
603 1881 716 1945 alii
761 1886 998 1965 autem,
1043 1882 1296 1965 equites
1341 1881 1512 1964 illos,
1558 1880 1672 1946 Cn.
1709 1880 1982 1965 Pompei
2017 1885 2189 1946 vete-
2226 1896 2257 1945 5

164 1993 274 2036 res
303 1970 598 2053 fidosque
628 1970 904 2054 clientis,
939 1970 1277 2034 voluntate
1314 1969 1452 2034 eius
1480 1932 1787 2035 Pisonem
1815 1990 2188 2054 aggressos.

163 2079 527 2142 numquam
563 2057 893 2141 Hispanos
937 2061 1275 2141 praeterea
1319 2057 1452 2122 tale
1493 2057 1744 2121 facinus
1780 2056 2031 2141 fecisse,
2077 2056 2190 2121 sed

166 2146 450 2230 1mperia
505 2167 697 2210 saeva
741 2145 951 2210 multa
1010 2149 1204 2210 antea
1246 2166 1610 2245 perpessos.
1697 2167 1818 2209 nos
1865 2167 2009 2209 eam
2053 2167 2191 2209 rem

166 2236 242 2300 in
277 2233 492 2299 medio
531 2233 986 2317 relinquemus.
1063 2234 1142 2298 de
1179 2233 1509 2318 superiore
1546 2232 1990 2298 coniuratione
2028 2234 2189 2297 satis
2227 2251 2260 2299 6

168 2323 441 2388 dictum.
1458 2350 1464 2355 ·

308 2408 593 2475 Catilina
635 2410 750 2474 ubi
796 2431 925 2494 003,
981 2430 1143 2494 (11103
1187 2409 1385 2493 paulo
1432 2412 1582 2473 ante
1629 2408 2000 2491 memoravi,
2047 2430 2191 2472 con·
2207 2413 2295 2477 20

171 2498 430 2565 venisse
477 2497 670 2581 videt,
715 2498 981 2562 tametsi
1027 2519 1175 2562 cum
1221 2496 1499 2582 singulis
1556 2497 1764 2560 multa
1813 2517 2003 2578 saepe
2050 2515 2193 2580 ege-

171 2592 299 2670 rat,
345 2590 565 2650 tamen
609 2586 680 2649 in
724 2607 863 2649 rem
898 2585 1039 2651 fore
1077 2585 1340 2651 credens
1377 2585 1719 2649 univorsos
1758 2582 2082 2667 appellare
2126 2588 2193 2647 et

173 2674 534 2756 cohortari,
596 2673 667 2737 in
729 2673 1018 2738 abditam
1060 2677 1337 2757 partem
1391 2673 1647 2737 aedium
1701 2672 1942 2737 secedit
1996 2675 2192 2755 atque

174 2763 271 2828 ibi
318 2761 620 2827 omnibus
667 2761 933 2826 arbitris
977 2761 1206 2845 procul
1252 2760 1489 2825 amotis
1530 2761 1890 2825 orationem
1924 2760 2192 2825 huiusce

176 2850 351 2916 modi
399 2849 659 2913 habuit:

311 2935 400 3002 ‘N
401 2937 425 3000 i
488 2938 696 3001 virtus
759 2938 1044 3021 fidesque
1107 2940 1332 3003 vostra
1396 2941 1691 3021 spectata
1745 2936 1907 3000 mihi
1959 2935 2192 3020 forent,
2229 2952 2261 2999 2

175 3025 570 3125 nequiquam
616 3029 982 3109 opportuna
1024 3047 1130 3090 res
1177 3024 1543 3108 cecidisset3
1589 3045 1736 3108 spes
1788 3044 2042 3108 magna,
2087 3024 2194 3087 do-

180 3114 454 3179 minatio
509 3113 580 3177 in
632 3113 930 3177 manibus
984 3112 1231 3178 frustra
1281 3111 1587 3195 fuissent,
1638 3131 1848 3193 neque
1904 3132 2025 3196 ego
2079 3133 2196 3195 per

179 3201 510 3288 ignaviam
564 3205 680 3265 aut
732 3223 898 3265 vana
950 3200 1210 3287 ingenia
1262 3201 1513 3265 incerta
1564 3220 1683 3283 pro
1739 3197 1935 3263 certis
1982 3203 2197 3283 capta-

181 3311 334 3355 rem.
435 3289 545 3353 sed
601 3289 754 3372 quia
806 3289 1033 3353 multis
1089 3292 1156 3353 et
1209 3289 1465 3374 magnis
1520 3286 2023 3387 tempestatibus
2076 3309 2194 3352 vos
2232 3303 2264 3351 3

183 3376 458 3462 cognovi
518 3376 711 3440 fortis
775 3377 1065 3460 fidosque
1127 3376 1318 3460 mihi,
1382 3397 1457 3441 eo
1524 3375 1777 3440 animus
1843 3397 2037 3441 ausus
2095 3379 2196 3439 est

183 3486 556 3530 maxumum
584 3468 781 3547 atque
813 3464 1342 3548 pulcherrumum
1377 3463 1683 3529 facinus
1663 3463 1965 3548 mcipere,
2002 3464 2196 3528 simul

183 3553 333 3637 (11113
390 3552 578 3617 vobis
639 3553 862 3617 eadem
918 3573 1080 3635 quae
1134 3552 1298 3615 mihi
1351 3552 1524 3617 bona
1577 3552 1874 3637 malaque
1922 3574 2060 3616 esse
2106 3553 2199 3616 in-
2287 3585 2291 3589 ·
