2650 4059
428 259 519 323 24
1109 259 1166 314 C.
1206 255 1547 314 SALLUSTI
1584 258 1813 315 CRISPI

417 404 675 468 vincula
720 403 1099 486 coniecerat,
1142 403 1304 467 item
1349 403 1419 467 in
1456 402 1752 468 citeriore
1793 402 2008 469 Gallia
2042 402 2111 469 C.
2141 403 2444 490 Murena,

421 491 532 575 qui
579 492 639 555 ei
682 490 1050 575 provinciae
1088 491 1344 576 legatus
1390 495 1704 573 praeerat.

310 580 398 643 43
550 579 644 644 At
696 579 942 643 Romae
1000 577 1316 643 Lentulus
1382 601 1530 643 cum
1594 579 1853 663 ceteris,
1928 580 2039 663 qui
2100 579 2439 664 principes

420 666 883 732 coniurationis
921 669 1123 749 erant,
1157 666 1404 749 paratis
1443 670 1517 729 ut
1552 666 1890 731 videbatur
1927 667 2182 754 magnis
2222 668 2436 751 copiis

420 754 910 836 constituerant,
953 753 1072 836 uti,
1117 775 1264 817 cum
1296 752 1579 818 Catilina
1621 754 1690 818 in
1736 774 1966 840 agrum
1993 753 2435 820 Faesulanum

419 864 566 906 cum
612 840 895 906 exercitu
939 840 1248 924 venisset,
1292 840 1365 904 L.
1410 841 1635 905 Bestia
1679 841 1979 906 tribunus
2023 842 2234 926 plebis
2282 864 2431 908 con-

418 930 597 993 tione
623 928 853 992 habita
881 932 1256 1010 quereretur
1283 929 1361 993 de
1390 928 1755 993 actionibus
1784 927 2113 995 Ciceronis
2140 930 2432 1015 bellique

418 1015 809 1102 gravissumi
873 1014 1183 1079 invidiam
1247 1020 1514 1100 optumo
1579 1016 1829 1082 consuli
1890 1017 2257 1100 inponeret:
2350 1040 2432 1082 eo

419 1103 607 1188 signo
662 1124 979 1185 proxuma
1032 1107 1226 1168 nocte
1281 1106 1497 1168 cetera
1549 1104 1900 1169 multitudo
1957 1104 2429 1170 coniurationis

349 1207 380 1253 2
420 1212 608 1255 suum
646 1190 916 1273 quisque
952 1191 1288 1277 negotium
1326 1195 1763 1275 exequeretur.
1811 1193 1921 1256 sed
1946 1213 2022 1256 ea
2056 1192 2264 1257 divisa
2298 1193 2427 1258 hoc

419 1279 611 1342 modo
648 1277 1044 1362 dicebantur,
1081 1277 1382 1344 Statilius
1421 1283 1488 1342 et
1516 1278 1830 1343 Gabinius
1866 1279 1966 1344 uti
2002 1302 2149 1344 cum
2186 1302 2432 1366 magna

419 1388 613 1430 manu
659 1366 994 1432 duodecim
1049 1366 1242 1431 simul
1297 1371 1663 1449 opportuna
1718 1367 1863 1431 loca
1905 1367 2086 1432 urbis
2132 1368 2427 1432 incende·

418 1458 582 1538 rent,
629 1476 756 1538 quo
794 1455 1082 1518 tumultu
1119 1453 1374 1518 facilior
1411 1454 1624 1518 aditus
1664 1454 1745 1518 ad
1782 1456 2112 1520 consulem
2148 1457 2430 1520 ceteros·

420 1564 570 1626 que,
617 1541 850 1625 quibus
895 1541 1165 1605 insidiae
1210 1542 1633 1626 parabantur,
1676 1543 1889 1627 fieret3
1947 1541 2276 1627 Cethegus
2322 1541 2427 1608 Ci-

420 1630 671 1694 ceronis
707 1630 965 1692 ianuam
1004 1627 1331 1692 obsideret
1358 1650 1629 1713 eumque
1656 1630 1721 1694 vi
1750 1631 2226 1716 aggrederetur,
2253 1630 2428 1695 alius

420 1720 639 1780 autem
685 1716 909 1798 alium,
964 1716 1075 1779 sed
1118 1715 1239 1779 filii
1283 1716 1703 1800 familiarum,
1750 1739 2024 1800 quorum
2069 1739 2147 1782 ex
2187 1718 2426 1782 nobili-

419 1806 557 1867 tate
612 1824 914 1867 maxuma
956 1825 1108 1885 pars
1155 1807 1319 1888 erat,
1373 1805 1662 1887 parentis
1707 1804 2172 1890 interficerent3
2225 1805 2427 1870 simul

421 1892 612 1955 caede
684 1894 751 1954 et
812 1891 1107 1955 incendio
1177 1892 1490 1973 perculsis
1564 1892 1862 1957 omnibus
1926 1893 2008 1956 ad
2070 1891 2427 1958 Catilinam

352 1994 383 2042 3
422 1982 846 2060 erumperent.
909 1977 1082 2042 inter
1115 1979 1276 2043 haec
1311 1985 1542 2063 parata
1577 1984 1772 2063 atque
1808 1981 2066 2045 decreta
2092 1978 2425 2067 Cethegus

422 2086 676 2147 semper
728 2064 1117 2147 querebatur
1171 2067 1248 2130 de
1300 2067 1561 2152 ignavia
1614 2067 1965 2133 sociorum:
2026 2068 2176 2132 illos
2240 2069 2425 2133 dubi·

421 2152 618 2216 tando
666 2156 731 2216 et
776 2152 911 2216 dies
955 2154 1340 2236 prolatando
1385 2175 1652 2239 magnas
1708 2155 2230 2238 opportunitates
2275 2178 2424 2221 con-

420 2261 748 2323 rumpere,
809 2239 1012 2324 fact0,
1072 2263 1206 2305 non
1260 2242 1555 2306 consulto
1615 2241 1684 2305 in
1736 2241 1857 2305 tali
1908 2243 2194 2326 periculo
2256 2266 2423 2327 opus
2515 2259 2537 2285 ⁸

421 2349 581 2410 esse,
626 2349 837 2412 seque,
868 2317 939 2391 xsi
975 2329 1165 2411 pauci
1202 2329 1597 2411 adiuvarent,
1630 2328 2091 2414 languentibus
2130 2330 2277 2394 aliis
2305 2332 2424 2395 im-

342 2431 375 2476 4
411 2419 637 2498 petum
663 2416 733 2479 in
752 2416 996 2480 curiam
1025 2415 1366 2480 facturum.
1401 2419 1639 2480 natura
1660 2416 1844 2481 ferox
1861 2417 2205 2482 vehemens
2225 2440 2424 2483 manu

420 2507 759 2586 promptus
797 2507 954 2585 erat,
991 2525 1363 2568 maxumum
1391 2504 1633 2568 bonum
1662 2504 1732 2568 in
1758 2504 2089 2569 celeritate
2125 2506 2423 2588 putabat.

312 2591 403 2653 44
555 2589 681 2655 Sed
724 2589 1116 2674 Allobroges
1172 2611 1251 2652 ex
1293 2594 1639 2673 praecepto
1685 2590 2014 2657 Ciceronis
2066 2613 2183 2675 per
2230 2591 2423 2657 Gabi-

419 2677 602 2741 nium
656 2681 904 2741 ceteros
960 2676 1364 2741 conveniunt.
1462 2677 1544 2741 ab
1597 2677 1875 2743 Lentulo
1931 2677 2221 2766 Cethego
2278 2678 2424 2745 Sta·

421 2763 565 2828 tilio
612 2763 772 2827 item
809 2761 1035 2828 Cassio
1070 2763 1410 2847 postulant
1453 2765 1554 2829 ius
1598 2765 1956 2848 iurandum,
2002 2769 2173 2850 quod
2210 2767 2424 2853 signa-

421 2855 563 2915 tum
626 2849 707 2913 ad
769 2849 927 2913 civis
989 2849 1344 2932 perferant:
1416 2852 1606 2916 aliter
1675 2853 1849 2917 haud
1911 2853 2100 2918 facile
2164 2875 2274 2919 eos
2339 2856 2422 2920 ad

351 2954 382 3002 2
422 2941 679 3001 tantum
703 2937 1041 3022 negotium
1066 2937 1292 3022 inpelli
1316 2961 1527 3023 posse.
1590 2941 1790 3005 ceteri
1824 2941 1990 3005 nihil
2018 2941 2423 3025 suspicantes

421 3026 604 3108 dant,
658 3022 921 3089 Cassius
967 3030 1172 3090 semet
1216 3048 1291 3091 eo
1337 3028 1518 3092 brevi
1569 3032 1912 3093 venturum
1953 3029 2301 3112 pollicetur
2345 3052 2422 3095 ac

351 3129 383 3176 3
420 3112 614 3196 paulo
680 3117 828 3176 ante
891 3112 1142 3198 legatos
1207 3136 1285 3179 ex
1343 3114 1505 3179 urbe
1566 3116 2015 3199 proficiscitur.
2103 3116 2422 3182 Lentulus

422 3221 569 3263 cum
616 3199 708 3263 eis
745 3199 815 3264 T.
844 3199 1257 3266 Volturcium
1303 3203 1622 3286 quendam
1658 3202 2149 3269 Crotoniensem
2194 3205 2424 3292 mittit,

419 3291 496 3352 ut
531 3286 920 3374 Allobroges
964 3288 1145 3372 prius
1184 3311 1379 3373 quam
1423 3290 1686 3354 domum
1719 3295 2081 3376 pergerent,
2126 3313 2273 3356 cum
2305 3291 2419 3358 Ca-

420 3375 610 3440 tilina
653 3375 807 3440 data
851 3381 1047 3461 atque
1084 3382 1350 3461 accepta
1383 3377 1508 3441 fide
1537 3377 1915 3443 societatem
1950 3379 2422 3446 confirmarent.

350 3480 384 3526 4
419 3464 560 3547 ipse
588 3462 928 3530 Volturcio
965 3465 1220 3529 litteras
1258 3464 1340 3528 ad
1366 3463 1714 3530 Catilinam
1741 3466 1871 3550 dat,
1907 3488 2180 3549 quarum
2216 3489 2424 3534 exem-⁹

418 3550 602 3634 plum
646 3551 816 3617 infra
861 3552 1175 3636 scriptum
1221 3556 1339 3616 est.
