2650 4059
282 303 294 314 ‚
401 232 490 295 54
1053 231 1111 286 0.
1150 229 1497 286 3111111311
1534 229 1766 286 0111311

402 377 578 441 dicta
621 380 1056 458 contemnere,
1102 374 1459 459 Iugurthae
1503 374 1816 438 virtutem
1859 374 2169 439 extollere
2215 371 2417 435 laudi-

402 464 552 529 bus:
607 465 822 550 gratia
873 485 1056 548 voce,
1110 463 1382 546 denique
1431 462 1731 527 omnibus
1779 462 1987 526 modis
2032 481 2153 545 pro
2200 459 2415 523 alieno

334 553 642 617 3scelere
688 555 755 616 et
798 552 1050 637 flagitio
1097 572 1216 615 sua
1252 550 1439 634 quasi
1474 572 1592 634 pro
1630 550 1845 635 gloria
1885 549 2283 614 nitebantur.
2348 550 2418 610 at

404 644 631 705 contra
672 639 881 724 pauci,
928 639 1160 723 quibus
1207 639 1452 702 bonum
1496 642 1563 702 et
1604 660 1879 720 aequom
1914 637 2160 702 divitiis
2201 635 2416 702 carius

404 732 562 812 erat,
607 727 1121 793 subveniundum
1166 725 1523 791 Adherbali
1569 730 1637 790 et
1681 725 2078 809 Hiempsalis
2133 726 2417 788 mortem

332 830 366 878 4
405 838 622 881 severe
649 813 1097 879 vindicandam
1125 814 1493 895 censebant,
1531 814 1642 878 sed
1680 835 1758 878 ex
1785 813 2085 877 omnibus
2114 832 2416 876 maxume

402 903 723 969 Aemilius
754 901 1050 986 Scauru8‚
1095 903 1292 966 homo
1327 902 1569 966 nobilis
1607 901 1863 986 inpiger
1906 900 2242 983 factiosuS,
2288 899 2418 964 avi-

404 992 522 1055 dus
578 991 907 1074 potentiae
961 990 1228 1055 honoris
1283 989 1686 1072 divitiarum,
1741 992 2027 1054 ceterum
2079 988 2246 1053 vitia
2300 1009 2419 1051 sua

335 1094 366 1142 5
405 1079 632 1144 callide
679 1078 1027 1143 occultans.
1089 1078 1147 1143 is
1182 1082 1533 1162 postquam
1568 1078 1745 1141 videt
1781 1077 1954 1162 regis
1996 1076 2420 1161 largitionem

402 1166 722 1231 famosam
765 1166 1328 1250 inpudentemque,
1374 1166 1639 1249 veritus,
1686 1164 1858 1249 quod
1883 1165 1954 1228 in
1979 1164 2100 1228 tali
2128 1186 2197 1227 re
2229 1163 2420 1246 solet,

401 1276 484 1318 ne
520 1254 773 1338 polluta
807 1254 1073 1319 licentia
1109 1253 1418 1318 invidiam
1455 1253 1850 1337 accenderet,
1886 1252 2174 1317 animum
2202 1274 2242 1315 a
2272 1273 2420 1316 con-

304 1342 384 1407 16
406 1345 591 1406 311013
632 1342 920 1407 lubidine
967 1342 1307 1407 continuit.
1397 1341 1556 1405 vicit
1601 1345 1821 1405 tamen
1872 1340 1944 1404 in
1988 1344 2218 1405 senatu
2263 1361 2420 1423 pars

335 1445 366 1492 2
403 1431 534 1515 illa,
581 1452 743 1514 quae
787 1452 939 1494 vero
986 1430 1268 1514 pretium
1314 1432 1429 1493 aut
1474 1429 1757 1513 gratiam
1803 1428 2221 1493 anteferebat.
2314 1428 2423 1491 de-

405 1522 654 1583 cretum
706 1519 810 1602 fit,
872 1518 972 1582 uti
1035 1518 1254 1581 decem
1306 1517 1514 1602 legati
1557 1537 1857 1601 regnum,
1922 1517 2093 1600 quod
2138 1514 2424 1598 Micipsa

404 1607 792 1690 optinuerat,
837 1606 1009 1669 inter
1035 1604 1423 1690 Iugurtham
1460 1608 1529 1669 et
1555 1604 1993 1670 Adherbalem
2038 1604 2421 1668 dividerent.

404 1694 586 1759 cuius
622 1692 970 1777 legationis
1006 1692 1306 1776 princeps
1345 1691 1472 1756 fuit
1503 1691 1575 1756 L.
1606 1692 1921 1777 OpimiuS,
1965 1692 2162 1757 homo
2201 1692 2422 1756 clarus

403 1784 470 1845 et
516 1783 658 1844 tum
710 1781 781 1844 in
825 1784 1055 1845 senatu
1100 1784 1332 1864 potens
1343 1831 1359 1864 ,
1420 1781 1573 1864 quia
1617 1781 1842 1846 consul
1887 1780 1957 1846 O.
2006 1779 2301 1846 Graccho
2349 1783 2423 1843 et

402 1867 489 1933 M.
536 1867 767 1933 Fulvio
813 1867 1046 1933 Flacco
1091 1868 1454 1933 interfectis
1493 1891 1820 1934 acerrume
1856 1868 2198 1934 victoriam
2232 1868 2420 1932 nobi-

333 1971 366 2019 3
403 1957 614 2020 litatis
668 1955 739 2020 in
789 1956 1047 2039 plebem
1102 1961 1489 2022 exercuerat.
1580 1979 1729 2021 eum
1772 1956 2096 2042 Iugurtha
2148 1957 2422 2020 tametsi

402 2044 648 2108 Romae
693 2043 764 2108 in
792 2044 1071 2110 inimicis
1117 2044 1462 2128 habuerat,
1509 2048 1730 2108 tamen
1774 2045 2275 2109 accuratissume
2322 2065 2422 2107 10-

404 2132 602 2215 cepit,
665 2130 874 2196 dando
931 2136 997 2196 et
1041 2132 1408 2216 pollicendo
1461 2132 1671 2196 multa
1722 2132 2019 2216 perfecit,
2080 2133 2181 2196 uti
2237 2132 2423 2195 fama

401 2219 553 2304 fide,
611 2224 942 2303 postremo
999 2221 1298 2284 omnibus
1354 2219 1488 2283 suis
1544 2220 1736 2284 rebus
1784 2221 2193 2285 commodum
2236 2220 2419 2305 regis

333 2321 367 2369 4
405 2307 771 2372 anteferret.
816 2307 1100 2391 reliquos
1129 2297 1383 2409 legatos
1413 2308 1636 2372 eadem
1664 2307 1771 2372 via
1797 2329 2143 2393 aggressus
2172 2308 2423 2391 pleros-

333 2410 365 2457 5
406 2417 529 2479 que
576 2396 776 2481 capit,
820 2397 1046 2481 paucis
1095 2397 1303 2461 carior
1347 2395 1507 2460 fides
1556 2418 1750 2479 quam
1793 2396 2067 2479 pecunia
2110 2396 2254 2463 fuit.
2346 2396 2423 2460 in

401 2483 715 2549 divisione
778 2506 940 2568 quae
993 2506 1146 2568 pars
1191 2482 1538 2548 Numidiae
1594 2483 2067 2548 Mauretaniam
2123 2484 2421 2569 attingit,

402 2594 560 2657 agro
625 2573 908 2655 vilisque
973 2571 1369 2655 opulentior,
1443 2570 1797 2656 Iugurthae
1862 2573 2167 2656 traditur,
2231 2572 2420 2636 illam

402 2661 676 2723 alteram
731 2659 943 2741 specie
1000 2680 1195 2740 quam
1239 2679 1364 2721 usu
1407 2660 1756 2743 potiorem,
1821 2681 1984 2743 quae
2038 2660 2420 2744 portuosior

402 2750 468 2810 et
515 2745 822 2809 aedificiis
878 2745 1087 2829 magis
1144 2750 1456 2810 exornata
1501 2751 1667 2831 erat,
1718 2747 2052 2813 Adherbal
2104 2749 2418 2848 possedit.

299 2834 378 2899 17
534 2832 664 2897 Res
709 2833 1040 2916 postulare
1095 2832 1350 2897 videtur
1394 2834 1655 2899 Africae
1711 2835 1912 2899 situm
1955 2837 2178 2920 paucis
2224 2859 2419 2921 expo·

399 2942 551 2984 nere
601 2924 667 2984 et
712 2942 820 2985 eas
867 2920 1099 3005 gentiS,
1146 2921 1530 3004 quibuscum
1576 2922 1765 2987 nobis
1813 2923 2056 2989 bellum
2102 2928 2215 2988 aut
2258 2927 2418 2989 ami-

330 3024 361 3071 2
401 3009 558 3073 01113
614 3008 767 3092 fuit,
831 3008 1171 3092 attingere.
1263 3009 1376 3073 sed
1430 3031 1594 3093 quae
1651 3010 1796 3075 loca
1851 3017 1917 3076 et
1970 3013 2268 3077 nationes
2326 3015 2414 3079 ob

401 3096 681 3162 calorem
725 3100 838 3159 aut
885 3096 1333 3181 asperitatem,
1385 3097 1546 3161 item
1593 3098 1975 3165 solitudines
2032 3101 2244 3166 minus
2290 3101 2417 3167 fre-

400 3187 713 3268 quentata
758 3187 938 3267 sunt,
993 3184 1070 3248 de
1133 3185 1228 3249 eis
1281 3185 1457 3249 haud
1511 3185 1701 3250 facile
1757 3192 2137 3271 conpertum
2191 3211 2417 3255 narra-

396 3271 618 3337 verim.
709 3276 925 3337 cetera
970 3293 1164 3356 quam
1207 3273 1636 3358 paucissumis
1684 3274 2033 3341 absolvam.

327 3377 362 3424 3
576 3358 658 3424 In
702 3359 1013 3425 divisione
1061 3360 1238 3425 orbis
1285 3365 1497 3426 terrae
1541 3362 1834 3446 plerique
1879 3363 1950 3428 in
1984 3368 2169 3448 parte
2214 3367 2416 3433 tertia

397 3446 689 3511 Africam
733 3470 1024 3532 posuere,
1068 3449 1259 3533 pauci
1302 3453 1564 3513 tantum
1610 3451 1801 3515 modo
1841 3451 2067 3516 Asiam
2106 3457 2173 3517 01
2207 3453 2411 3520 Euro-

324 3550 358 3597 4
395 3556 547 3617 pam
594 3558 751 3621 esse,
797 3537 909 3601 sed
954 3536 1246 3602 Africam
1290 3537 1362 3600 in
1405 3538 1685 3621 Europa.
1768 3560 1846 3603 ea
1889 3540 2036 3604 finis
2081 3541 2282 3605 habet
2328 3543 2413 3608 ab
