2650 4059
397 235 527 290 xv]
947 233 1046 289 DE
1084 233 1141 291 C.
1183 232 1571 288 SALLUSTIO
1610 232 1859 288 CRISPO

401 385 713 462 quippiam
758 401 966 443 eorum
1009 383 1231 442 falsum
1276 385 1388 460 est,
1431 382 1525 442 his
1568 383 1775 459 palam
1818 383 2048 459 refelle,
2093 384 2270 460 unde,
2319 385 2429 461 qui

400 472 576 531 modo
620 491 695 530 ne
740 474 1055 549 paternam
1099 471 1344 548 quidem
1385 469 1630 529 domum
1666 470 1957 530 redimere
1993 471 2284 548 potueriS,
2330 491 2427 531 re-

400 564 579 637 pente
615 563 928 638 tamquam
954 559 1183 619 somnio
1211 559 1428 618 beatus
1455 559 1663 618 hortos
1689 558 2176 636 preciosissimos,
2211 560 2428 619 villam

400 650 465 707 in
509 648 749 708 Tiburti
793 645 855 707 C.
903 644 1200 724 CaesariS,
1246 646 1511 723 reliquas
1556 646 1959 723 possessiones
2003 648 2329 724 paraveris,

531 771 676 831 Sall.
724 770 849 830 Cat.
896 773 950 843 4,
998 772 1053 828 1.
1098 772 1172 828 2.·

533 859 726 936 igitur
767 857 875 917 ubi
929 857 1165 917 animus
1220 875 1293 916 ex
1346 855 1557 915 multis
1602 856 1860 916 miseriis
1907 860 2091 933 atque
2133 857 2426 933 periculis

400 947 702 1024 requievit
746 948 810 1005 et
861 945 1010 1004 mihi
1052 945 1352 1022 reliquam
1403 946 1669 1003 aetatem
1715 962 1753 1003 a
1796 962 1861 1003 re
1921 944 2166 1021 publica
2207 947 2427 1021 procul

400 1033 738 1093 habendam
785 1033 1022 1093 decrevi
1060 1079 1072 1092 .
1105 1079 1118 1092 .
1148 1078 1190 1109 .,
1247 1051 1284 1091 a
1330 1050 1450 1109 quo
1505 1031 1742 1109 incepto
1788 1032 2111 1110 studioque
2155 1051 2250 1092 me
2296 1052 2424 1093 am·

401 1120 552 1181 bitio
598 1121 760 1180 mala
803 1120 1174 1197 detinuerat,
1230 1120 1442 1179 eodem
1484 1137 1794 1197 regressus
1840 1121 2031 1179 statui
2074 1137 2170 1179 res
2216 1124 2426 1197 gestas

400 1209 614 1285 populi
640 1209 897 1268 Romani
933 1209 1206 1285 carptim,
1250 1210 1325 1267 ut
1371 1225 1648 1285 quaeque
1692 1208 1983 1267 memoria
2028 1208 2212 1286 digna
2255 1208 2424 1269 vide—

399 1298 640 1374 bantur,
685 1296 1067 1374 perscribere,
1115 1315 1184 1355 eo
1223 1295 1419 1373 magis
1457 1295 1619 1373 quod
1664 1295 1814 1354 mihi
1850 1314 1888 1355 a
1924 1313 2028 1372 spe
2071 1298 2242 1355 metu
2282 1315 2423 1373 par-

399 1385 565 1445 tibus
610 1385 700 1444 rei
744 1384 1024 1461 publicae
1072 1384 1307 1443 animus
1355 1382 1511 1442 liber
1556 1386 1702 1444 erat.

529 1509 664 1567 ibid.
703 1509 775 1565 3.·

532 1596 606 1655 de
642 1593 937 1668 Catilinae
974 1592 1387 1653 coniuratione
1427 1592 1519 1669 [a.
1549 1596 1665 1653 691
1695 1616 1781 1641 ==
1809 1594 1891 1652 63
1917 1624 2008 1636 —-
2035 1596 2160 1654 692
2186 1619 2271 1641 =
2302 1592 2423 1670 62]

400 1702 582 1761 quam
626 1683 957 1743 verissume
1001 1685 1212 1758 potero
1256 1681 1468 1758 paucis
1514 1680 1848 1757 absolvam3
1893 1699 2033 1740 nam
2076 1682 2141 1740 id
2183 1682 2422 1743 facinus

397 1770 461 1828 in
503 1770 713 1846 primis
760 1787 871 1847 ego
915 1769 1301 1829 memorabile
1339 1769 1633 1829 existumo
1672 1769 1911 1829 sceleris
1948 1772 2132 1847 atque
2164 1771 2420 1846 periculi

399 1859 684 1919 novitate.

529 2068 760 2127 bellum
814 2068 1148 2143 scripturus
1194 2084 1355 2143 sum,
1410 2065 1572 2143 quod
1624 2067 1886 2143 populus
1931 2067 2237 2126 Romanus
2283 2086 2425 2128 cum

396 2155 697 2233 Iugurtha
748 2174 890 2232 rege
934 2155 1340 2214 Numidarum
1383 2154 1574 2231 gessit
1616 2149 1836 2232 [642s3
1866 2179 1949 2202 ·-—-·
1978 2149 2157 2234 112s1
2188 2185 2270 2197 -
2301 2157 2424 2217 650

397 2268 483 2291 =
512 2240 683 2321 104J,
725 2243 988 2320 primum
1033 2243 1179 2320 quia
1212 2260 1501 2319 magnum
1539 2244 1612 2308 et,
1637 2244 1812 2301 atrox
1848 2243 2133 2320 variaque
2165 2244 2424 2304 victoria

395 2332 534 2406 fuit,
570 2331 783 2391 dehinc
819 2331 963 2409 quia
997 2334 1143 2391 tunc
1177 2330 1442 2407 primum
1474 2329 1790 2406 superbiae
1818 2331 2155 2391 nobilitatis
2181 2332 2422 2392 obviam

396 2419 551 2478 itum
598 2422 705 2479 est.

527 2544 607 2602 id.
651 2544 778 2602 hist.
816 2558 1068 2615 prooem.
1115 2558 1208 2615 ap.
1254 2541 1458 2613 Rufin.
1493 2560 1560 2615 p.
1607 2541 1732 2600 582
1774 2542 1974 2600 Halm.
1984 2560 2006 2598 .·

529 2630 648 2688 Res
683 2629 895 2707 populi
921 2628 1175 2687 Romani
1201 2627 1280 2686 M.
1308 2628 1536 2704 Lepido
1566 2626 1632 2697 Q.
1663 2625 1879 2686 Catulo
1918 2644 2065 2687 coss.
2103 2646 2172 2688 ac
2204 2629 2420 2690 deinde

397 2716 555 2793 [676
583 2743 665 2765 ==
695 2720 776 2777 78
809 2747 881 2757 -
918 2718 1041 2775 687
1067 2740 1151 2762 =
1181 2712 1295 2790 67]
1349 2716 1602 2775 militiae
1656 2713 1818 2773 domi
1862 2716 2066 2791 gestas
2111 2718 2418 2794 conposui.

527 3065 679 3125 Suet.
726 3067 796 3125 dc
833 3083 1078 3139 yramm.
1126 3069 1178 3124 et
1219 3064 1360 3123 rhet.
1408 3066 1486 3122 10
1518 3082 1585 3137 p.
1632 3064 1752 3121 108
1794 3062 1998 3134 Reiffi:

398 3200 414 3215 .
442 3200 456 3213 .
484 3153 787 3214 Asinius
832 3153 1068 3212 Pollio
1112 3152 1178 3210 in
1221 3150 1404 3228 libro,
1457 3170 1577 3228 quo
1625 3149 1903 3210 Sallustii
1946 3148 2171 3227 scripta
2212 3167 2412 3226 repre·

395 3242 606 3302 hendit
641 3245 715 3301 ut
749 3241 936 3299 nimia
960 3240 1293 3316 priscorum
1327 3238 1649 3299 verborum
1685 3237 2065 3297 affectatione
2094 3237 2283 3298 oblita
2311 3284 2324 3298 .
2354 3284 2369 3300 .
2396 3286 2409 3300 .

531 3363 676 3423 Gall.
725 3362 790 3421 X
819 3365 922 3430 26,
959 3365 996 3421 1
1042 3363 1222 3422 tradit
1263 3361 1477 3422 inscite
1523 3361 1598 3422 ab
1646 3361 1898 3422 Asinio
1943 3360 2278 3422 Pollione
2321 3380 2412 3421 re-

393 3449 1150 3613 pfflepgssiffallustium
1193 3451 1258 3510 in
1294 3451 1556 3528 quadam
1592 3452 1870 3531 epistula,
1916 3470 2100 3529 quam
2135 3450 2212 3509 ad
2237 3450 2413 3509 Plan·
