2650 4059
662 254 666 257 ’
746 248 1041 303 BELLUM
1077 248 1473 304 CATILINAE
1510 266 1555 304 c.
1595 256 1751 305 2-5,
2133 305 2138 311 .
2216 257 2257 316 3

236 397 438 477 rupta
475 394 846 478 tenebatur3
889 416 963 458 ac
1000 416 1123 476 me,
1160 415 1307 459 cum
1345 395 1428 458 ab
1467 396 1865 478 reliquorum
1902 396 2092 460 malis
2130 419 2262 461 mo·
2300 414 2331 461 5

222 483 425 546 *ribus
472 482 905 565 dissentirem,
946 481 1154 546 nihilo
1201 482 1417 547 minus
1461 484 1730 548 honoris
1768 484 2000 568 cupido
2039 484 2262 548 eadem

242 592 374 654 qua
428 575 678 636 ceteros
733 569 910 634 fama
964 575 1160 653 atque
1214 570 1459 634 invidia
1511 573 1805 636 vexabat.
1894 572 2100 657 igitur
2148 573 2261 637 ubi
2296 575 2342 638 4

242 659 500 723 animus
557 680 634 723 ex
680 658 906 722 multis
948 658 1228 722 miseriis
1266 663 1463 742 atque
1499 660 1804 743 periculis
1842 660 2160 743 requievit
2196 665 2265 725 et

241 747 408 811 mihi
454 747 773 830 reliquam
818 750 1101 810 aetatem
1149 768 1188 810 a
1233 768 1303 811 re
1339 746 1602 829 publica
1636 749 1864 832 procul
1899 748 2257 813 habendam

244 835 518 917 decrevi,
562 856 695 899 non
740 833 868 897 fuit
914 834 1258 898 consilium
1305 836 1602 899 socordia
1642 841 1837 920 atque
1875 835 2120 900 desidia
2154 837 2265 901 bo-

240 944 402 988 num
450 923 659 987 otium
707 926 1056 1006 conterere,
1099 944 1308 1006 neque
1354 945 1507 988 vero
1555 945 1786 1008 agrum
1832 924 2106 989 colundo
2149 931 2264 988 aut

242 1011 567 1094 venando,
621 1010 964 1075 servilibus
1022 1009 1283 1095 officiis,
1337 1011 1664 1076 intentum
1715 1016 1998 1077 aetatem
2044 1032 2263 1097 agere3

245 1100 359 1165 sed
414 1121 453 1164 a
508 1120 636 1181 quo
691 1099 951 1181 incepto
1009 1099 1351 1181 studioque
1406 1122 1509 1164 me
1565 1100 1838 1164 ambitio
1886 1101 2060 1164 mala
2104 1100 2262 1164 deti·
2299 1118 2331 1165 2

242 1192 496 1271 nuerat,
550 1188 776 1252 eodem
820 1207 1154 1272 regressus
1202 1187 1408 1251 statui
1451 1210 1555 1252 res
1602 1192 1821 1273 gestas
1866 1188 2093 1271 populi
2137 1188 2264 1253 Ro·

245 1276 423 1340 mani
479 1275 777 1359 carptim,
819 1278 896 1338 ut
941 1296 1232 1357 quaeque
1278 1276 1593 1340 memoria
1627 1277 1824 1360 digna
1859 1277 2264 1360 videbantur,

245 1363 667 1449 perscribere,
712 1384 788 1427 eo
835 1363 1047 1447 magis
1096 1365 1269 1446 quod
1313 1363 1477 1427 mihi
1523 1386 1563 1427 a
1598 1385 1711 1447 spe
1750 1368 1930 1428 metu
1964 1364 2263 1447 partibus

245 1453 342 1517 rei
386 1451 683 1535 publicae
731 1451 986 1515 animus
1031 1450 1199 1514 liber
1245 1455 1403 1515 erat.

380 1538 596 1625 Igitur
648 1540 725 1603 de
782 1537 1102 1604 Catilinae
1157 1539 1604 1605 coniuratione
1660 1561 1856 1622 quam
1908 1539 2264 1604 verissume
2302 1558 2333 1605 3

245 1632 477 1713 potero
522 1627 747 1710 paucis
786 1627 1146 1710 absolvam3
1189 1649 1344 1691 nam
1379 1628 1446 1691 id
1482 1627 1732 1692 facinus
1769 1630 1840 1692 in
1873 1628 2102 1711 primis
2141 1648 2262 1713 ego
2299 1646 2334 1692 4

247 1715 668 1780 memorabile
716 1715 1037 1779 existumo
1086 1715 1346 1779 sceleris
1394 1719 1589 1799 atque
1633 1715 1907 1800 periculi
1955 1716 2265 1781 novitate.

247 1805 326 1869 de
364 1804 547 1869 cuius
582 1803 868 1867 hominis
905 1802 1196 1867 moribus
1222 1824 1432 1886 pauca
1457 1804 1637 1886 prius
1667 1804 2068 1887 explananda
2094 1807 2265 1889 sunt,
2301 1819 2333 1870 5

249 1913 448 1976 quam
491 1891 753 1955 initium
796 1891 1102 1955 narrandi
1145 1890 1399 1955 faciam.

380 1979 454 2044 L.
501 1978 803 2062 Catilina,
846 1978 1055 2043 nobili
1100 1999 1335 2063 genere
1378 1983 1594 2062 natus,
1637 1979 1765 2044 fuit
1811 2001 2049 2065 magna
2091 1979 2155 2044 vi
2198 1982 2266 2044 et
2300 1982 2343 2047 5

249 2068 452 2133 animi
507 2071 574 2132 et
629 2067 918 2150 corporis
974 2066 1087 2131 sed
1138 2067 1401 2152 ingenio
1457 2067 1631 2132 malo
1676 2089 2023 2151 pravoque.
2110 2067 2264 2133 huic
2301 2086 2333 2133 2

249 2158 331 2221 ab
390 2154 827 2220 adulescentia
881 2155 1055 2219 bella
1107 2155 1447 2238 intestina,
1510 2156 1736 2220 caedes
1789 2156 2083 2240 rapinae,
2142 2156 2265 2219 dis-

249 2244 472 2309 cordia
534 2243 744 2308 civilis
808 2246 1001 2327 grata
1061 2242 1269 2326 fuere,
1331 2244 1553 2326 ibique
1617 2244 2020 2308 iuventutem
2080 2265 2264 2307 suam

249 2331 554 2397 exercuit.
637 2352 871 2414 corpus
907 2331 1162 2413 patiens
1199 2331 1451 2396 inediae
1489 2331 1730 2416 algoris
1766 2332 2030 2415 vigiliae
2068 2352 2266 2413 supra
2300 2352 2333 2399 3

250 2442 448 2504 quam
494 2419 796 2503 cuiquam
841 2419 1147 2483 credibile
1194 2422 1312 2483 est.
1404 2419 1656 2482 animus
1704 2418 1912 2483 audax
1953 2418 2263 2484 subdolus
2299 2438 2335 2486 4

248 2509 488 2591 variuS,
524 2508 705 2573 cuius
742 2507 838 2571 rei
873 2506 1056 2570 lubet
1092 2507 1436 2571 simulator
1457 2528 1545 2571 -ac
1572 2506 2034 2590 dissimulator,
2070 2506 2265 2571 alieni

249 2597 560 2680 adpetens
618 2595 719 2659 sui
762 2595 1096 2679 profusus,
1151 2595 1382 2659 ardens
1436 2595 1507 2659 in
1552 2594 2046 2679 cupiditatibus;
2101 2594 2262 2659 satis

248 2684 675 2767 eloquentiae,
717 2683 1073 2766 sapientiae
1109 2705 1359 2767 parum.
1430 2687 1654 2748 vastus
1693 2684 1945 2747 animus
1982 2683 2265 2747 inmode-
2301 2704 2334 2753 5

247 2777 395 2837 rata
455 2771 862 2836 incredibilia
921 2771 1117 2835 nimis
1173 2772 1311 2835 alta
1365 2793 1618 2854 semper
1673 2771 1994 2855 cupiebat.
2090 2771 2264 2836 hunc
2301 2793 2333 2840 6

247 2864 403 2945 post
439 2860 948 2924 dominationem
976 2858 1048 2922 L.
1080 2858 1298 2923 Sullae
1335 2859 1558 2924 lubido
1598 2881 1899 2923 maxuma
1936 2860 2264 2924 invaserat

248 2950 343 3013 rei
405 2948 704 3032 publicae
768 2947 1148 3030 capiundae,
1208 2969 1418 3030 neque
1480 2947 1548 3011 id
1604 2948 1840 3030 quibus
1895 2948 2104 3011 modis
2160 2947 2264 3011 ad-

250 3041 647 3120 sequeretur,
691 3037 845 3100 dum
891 3035 1017 3099 sibi
1062 3056 1336 3120 regnum
1372 3039 1651 3118 pararet,
1698 3036 2044 3134 quicquam
2079 3035 2264 3133 pensi

247 3125 552 3189 habebat.
640 3124 1018 3225 agitabatur
1071 3123 1281 3208 magis
1328 3123 1664 3208 magisque
1710 3123 1781 3185 in
1824 3123 1961 3186 dies
2008 3121 2262 3186 animus
2302 3145 2332 3193 ἰ

248 3213 433 3278 ferox
494 3213 716 3294 inopia
777 3212 873 3277 rei
935 3210 1276 3275 familiaris
1342 3214 1410 3275 et
1472 3210 1868 3275 conscientia
1930 3210 2264 3293 scelerum,

250 3321 414 3384 quae
472 3304 748 3383 utraque
796 3301 888 3364 eis
936 3299 1187 3363 artibus
1235 3302 1531 3381 auxerat,
1577 3320 1737 3381 quas
1785 3320 1983 3381 supra
2028 3319 2265 3361 memo-

248 3390 403 3454 ravi.
501 3388 866 3452 incitabant
926 3391 1263 3471 praeterea
1325 3386 1626 3468 conrupti
1681 3386 1966 3451 civitatis
2031 3391 2264 3470 mores»,
2300 3410 2334 3458 8

250 3498 412 3559 quos
459 3488 764 3560 pessuma
809 3498 884 3540 ac
925 3475 1185 3539 divorsa
1220 3474 1393 3539 inter
1430 3496 1499 3540 se
1536 3474 1728 3559 mala,
1772 3474 2031 3538 luxuria
2066 3477 2263 3555 atque

247 3565 551 3648 avaritia,
595 3565 935 3628 vexabant.

1864 3669 1892 3716 1
1910 3664 1943 3699 Φ
