2650 4059
361 263 448 326 92
1016 261 1072 316 C.
1113 258 1456 315 SALLUSTI
1493 258 1726 314 CRISPI

366 411 708 493 gnoverat,
762 405 1124 471 interfectis
1170 405 1336 468 iram
1382 405 1820 488 obpresserat,
1873 425 1956 468 ne
2002 425 2131 487 qua
2174 426 2254 468 ex
2308 426 2398 470 eo

295 512 327 557 2
363 493 632 580 negotio
681 493 915 559 seditio
963 496 1272 558 oreretur.
1361 513 1569 576 neque
1623 495 1779 575 post
1823 491 2245 579 QQQQ
2281 492 2397 556 Iu-

368 581 645 669 gurthae
692 581 830 646 dies
877 585 993 646 aut
1029 602 1160 645 nox
1203 580 1341 644 ulla
1386 579 1606 664 quieta
1640 578 1795 643 fuit:
1838 601 2048 663 neque
2084 579 2231 645 loco
2276 603 2399 644 ne-

368 693 491 754 que
539 669 805 735 mortali
852 669 1154 752 cuiquam
1200 672 1314 732 aut
1360 667 1639 751 tempori
1686 667 1847 732 satis
1894 668 2178 752 credere,
2224 668 2395 732 civis

365 758 706 842 hostisque
779 758 963 822 iuxta
1034 760 1350 839 metuere,
1423 755 1961 839 circumspectare
2034 756 2255 820 omnia
2321 761 2399 821 et

369 846 546 911 omni
606 845 886 929 strepitu
932 864 1299 929 pavescere,
1360 843 1488 907 alio
1536 846 1734 927 atque
1779 843 1908 908 alio
1963 844 2138 926 loco,
2191 866 2394 928 saepe

369 938 597 999 contra
623 934 816 998 decus
836 933 1107 1018 regium,
1133 936 1335 996 noctu
1354 932 1773 1014 requiescere,
1800 931 2129 996 interdum
2154 953 2392 997 somno

369 1021 616 1086 excitus
663 1020 941 1104 arreptis
988 1020 1186 1085 armis
1232 1019 1588 1084 tumultum
1622 1018 1862 1083 facere:
1906 1019 2005 1083 ita
2038 1019 2395 1085 formidine

369 1110 557 1192 quasi
600 1109 899 1173 vecordia
943 1107 1278 1193 exagitari.

267 1199 350 1261 73
503 1195 720 1281 Igitur
764 1195 1087 1280 Metellus,
1131 1195 1246 1259 ubi
1290 1194 1369 1259 de
1417 1216 1569 1259 casu
1606 1194 1994 1260 Bomilcaris
2040 1199 2108 1259 et
2144 1196 2393 1260 indicio

370 1284 700 1368 patefacto
755 1306 834 1349 ex
886 1283 1178 1368 perfugis
1233 1283 1569 1369 cognovit,
1633 1304 1858 1347 rursus
1913 1287 2252 1367 tamquam
2307 1285 2395 1348 ad

302 1390 335 1433 2
370 1373 700 1458 integrum
754 1372 1000 1437 bellum
1059 1374 1291 1436 cuncta
1345 1375 1536 1455 parat
1596 1370 2010 1454 festinatque.
2102 1370 2394 1436 Marium

373 1461 766 1546 fatigantem
811 1461 888 1525 de
934 1458 1355 1543 profectione,
1401 1458 1596 1522 simul
1643 1463 1709 1523 et
1753 1458 2033 1524 invitum
2079 1464 2147 1523 et
2194 1459 2395 1524 offen·
2513 1500 2528 1511 ·

305 1566 336 1611 3
377 1572 522 1614 sum
570 1548 697 1613 sibi
741 1569 974 1632 parum
1017 1546 1323 1611 idoneum
1368 1550 1572 1629 ratus,
1617 1546 1882 1611 domum
1927 1546 2226 1612 dimittit.
2318 1552 2393 1612 et

375 1636 619 1701 Romae
647 1636 869 1719 plebes
897 1635 1159 1718 litteris,
1197 1655 1362 1716 quae
1389 1634 1466 1698 de
1495 1633 1761 1699 Metello
1801 1656 1876 1699 ac
1903 1633 2114 1699 Mario
2150 1635 2394 1700 missae

374 1729 577 1807 erant,
624 1722 905 1808 cognitis
950 1721 1197 1787 volenti
1245 1722 1462 1787 animo
1508 1723 1586 1786 de
1624 1723 1942 1787 ambobus
1986 1728 2394 1807 acceperant.

303 1826 338 1874 4
374 1810 754 1894 imperatori
797 1809 1136 1894 nobilitas,
1191 1832 1355 1895 quae
1413 1814 1605 1874 antea
1648 1811 1864 1875 decori
1909 1809 2063 1894 fuit,
2107 1810 2395 1876 invidiae
2462 1829 2472 1836 ·

376 1921 544 1983 esse3
582 1903 651 1963 at
688 1898 785 1962 illi
824 1897 1014 1962 alteri
1051 1899 1307 1983 generis
1344 1897 1683 1963 humilitas
1719 1897 2011 1963 favorem
2038 1898 2396 1964 addiderat.

377 1991 664 2051 ceterum
709 1987 777 2050 in
820 1990 1099 2069 utroque
1145 1985 1355 2071 magis
1393 1986 1611 2051 studia
1654 1986 1942 2071 partium
1983 2008 2181 2070 quam
2218 1988 2397 2053 bona

307 2091 337 2138 5
378 2078 492 2142 aut
538 2075 710 2138 mala
755 2095 873 2140 sua
917 2074 1267 2139 moderata.
1341 2078 1677 2157 praeterea
1713 2074 2008 2139 seditiosi
2045 2076 2397 2161 magistra·

377 2167 485 2227 tus
522 2163 789 2248 volgum
835 2162 1192 2248 exagitare,
1238 2160 1580 2226 Metellum
1626 2163 1927 2227 omnibus
1974 2163 2396 2229 contionibus

82 2277 88 2283 ·
380 2251 613 2335 capitis
660 2272 1010 2335 arcessere,
1064 2250 1235 2315 Mari
1288 2250 1603 2314 virtutem
1657 2251 1727 2314 in
1781 2251 1991 2315 maius
2046 2251 2399 2326 celebrare.

308 2360 339 2404 6
422 2339 652 2423 enique
707 2341 930 2423 plebes
986 2339 1081 2404 sic
1136 2359 1432 2421 accensa,
1494 2337 1596 2402 uti
1651 2339 1914 2422 opifices
1968 2343 2397 2425 agrestesque

435 2509 436 2512 Ἴ
490 2449 605 2494 nes
619 2478 637 2512 ,
694 2449 969 2512 quorum
1023 2448 1127 2491 res
1172 2428 1459 2511 fidesque
1513 2426 1582 2490 in
1628 2427 1926 2490 manibus
1975 2427 2140 2491 sitae
2187 2434 2398 2512 erant,

413 2516 622 2580 elictis
671 2516 973 2600 operibus
1026 2514 1520 2598 frequentarent
1562 2513 1845 2579 Marium
1900 2519 1967 2580 et
2014 2536 2133 2580 sua
2175 2537 2398 2581 neces-

228 2611 256 2633 ‘
381 2604 552 2676 saria
596 2608 749 2687 post
792 2603 969 2669 illius
989 2602 1331 2682 ..Q
1375 2603 1699 2668 ducerent.
1789 2602 1887 2667 ita
1938 2603 2238 2687 perculsa
2282 2626 2397 2669 no-

195 2771 198 2774 ,
425 2691 638 2755 ilitate
701 2696 854 2775 post
909 2690 1147 2754 multas
1206 2693 1633 2773 tempestates
1696 2712 1865 2756 novo
1929 2691 2185 2779 homflml’w'„
2248 2714 2397 2757 con—

416 2778 633 2844 ulatus
672 2778 1031 2843 mandatur.
1097 2780 1164 2841 et
1200 2781 1432 2861 postea
1467 2777 1746 2862 populus
1793 2800 1832 2843 a
1867 2773 2134 2844 tribuno
2178 2780 2399 2862 plebis

379 2866 452 2931 Τ.
480 2865 725 2930 Manlio
754 2865 1055 2930 Mancino
1094 2869 1384 2951 rogatus,
1431 2887 1623 2949 quem
1658 2866 1856 2931 vellet
1894 2888 2042 2931 cum
2068 2866 2399 2953 Iugurtha

83 2935 298 3008 W
380 2954 627 3019 bellum
672 2974 912 3039 gerere,
956 2953 1261 3037 frequens
1290 2952 1574 3018 Marium
1602 2953 1819 3032 iussit.
1884 2955 1996 3019 scd
2023 2955 2221 3039 paulo
2243 3006 2365 3021 .....
2378 3007 2397 3020 .

91 2933 649 3194 end-di‘izssfflss
650 3046 783 3106 rat:
828 3063 905 3105 ea
948 3064 1050 3106 res
1096 3042 1344 3106 frustra
1387 3041 1530 3105 fuit.
1615 3037 1663 3140 'is'
1727 3081 1731 3088 ·

280 3134 314 3194 7
322 3132 366 3196 4
622 3153 659 3195 o
706 3153 808 3195 em
845 3134 1138 3214 tempore
1175 3128 1498 3216 Iugurtha
1535 3129 1793 3194 amissis
1833 3130 2077 3215 amiciS,
2116 3152 2395 3214 quorum

382 3220 726 3303 plerosque
784 3219 924 3302 ipse
982 3223 1357 3301 necaverat,
1421 3218 1620 3283 ceteri
1682 3217 2026 3283 formidine
2093 3241 2246 3303 pars
2313 3220 2429 3284 ad-

383 3307 741 3389 Romanos,
805 3307 918 3382 alii
963 3307 1045 3371 ad
1090 3327 1312 3392 regem
1356 3306 1691 3372 Bocchum
1733 3305 2188 3391 profugerant,
2245 3330 2396 3373 cum

381 3416 589 3549 3333?
625 3394 1247 3548 3¹22?thssssssss
1270 3394 1935 3547 {ffizl‘issxpffl
1973 3399 2398 3549 6ὶῷῖῖἓὲἓέ

57 3521 726 3655 auoffoegtssuoeres
737 3572 952 3636 varius
976 3506 1424 3654 Pincertusque
1480 3505 1792 3662 agitabgt.
1882 3506 2091 3654 negue
2144 3571 2245 3635 illi
2293 3594 2401 3637 res
