2650 4059
443 215 532 279 50
1100 213 1156 269 C.
1197 211 1541 267 SALLUSTI
1579 211 1810 267 CRISPI

442 360 684 443 pleant,
730 357 958 423 deinde
992 378 1198 422 novos
1238 357 1603 441 adquirant,
1648 361 1981 440 postremo
2022 379 2476 441 quaecumque

373 465 404 513 ἰ
442 448 699 531 possint
725 447 1068 531 largiundo
1097 468 1326 529 parare
1355 468 1436 509 ne
1464 449 1864 510 cunctentur.
1914 446 2024 509 sed
2051 447 2166 510 ubi
2187 446 2475 510 Romam

442 536 646 620 legati
683 557 913 599 venere
951 539 1018 598 et
1062 557 1141 598 ex
1177 535 1524 617 praecepto
1559 533 1733 617 regis
1760 533 2133 617 hospitibus
2173 535 2477 618 aliisque,

387 631 391 636 ’
444 646 721 707 quorum
766 645 842 687 ea
887 626 1278 706 tempestate
1334 622 1403 686 in
1458 625 1689 685 senatu
1743 622 2099 686 auctoritas
2154 623 2475 706 pollebat,

442 733 681 796 magna
726 733 994 775 munera
1040 711 1300 793 misere,
1356 713 1544 773 tanta
1590 711 1992 774 conmutatio
2039 710 2341 794 incessit,
2398 716 2473 774 ut

444 822 523 864 ex
569 820 870 863 maxuma
913 798 1157 863 invidia
1199 799 1271 862 in
1316 798 1600 882 gratiam
1645 802 1712 862 et
1756 797 2048 862 favorem
2092 799 2473 862 nobilitatis

372 906 405 954 8
441 886 764 972 Iugurtha
808 887 1074 951 veniret.
1157 908 1435 970 quorum
1478 908 1631 970 pars
1695 907 1809 970 spe
1878 886 1991 949 alii
2035 887 2331 970 praemio
2378 887 2474 950 in-

442 976 621 1039 ducti
684 975 979 1075 singulos
1046 996 1124 1039 ex
1190 978 1423 1039 senatu
1489 974 1836 1038 ambiundo
1908 976 2323 1059 nitebantur,
2387 998 2473 1039 ne

372 1082 403 1130 9
443 1063 705 1147 gravius
761 1064 830 1126 in
874 1085 1023 1127 eum
1077 1064 1537 1128 consuleretur.
1628 1063 1832 1147 igitur
1890 1063 2005 1126 ubi
2048 1063 2257 1147 legati
2305 1064 2473 1126 satis

445 1150 792 1232 confidunt,
838 1151 940 1215 die
988 1151 1348 1216 constituto
1397 1153 1659 1215 senatus
1704 1150 2000 1233 utrisque
2047 1152 2256 1214 datur.
2325 1155 2472 1215 tum

442 1238 880 1303 Adherbalem
923 1240 1047 1304 hoc
1070 1240 1285 1304 -modo
1333 1240 1627 1303 locutum
1664 1238 2057 1322 accepimus:

340 1331 424 1393 14
576 1326 827 1392 ‘Patres
893 1327 1272 1412 conscripti,
1339 1326 1618 1410 Micipsa
1681 1332 1870 1410 pater
1934 1348 2114 1391 meus
2180 1328 2474 1391 moriens

442 1415 604 1479 mihi
648 1415 997 1500 praecepit,
1043 1416 1143 1479 uti
1187 1415 1375 1499 regni
1402 1414 1748 1479 Numidiae
1795 1419 2054 1479 tantum
2089 1416 2283 1480 modo
2322 1435 2473 1500 pro·

442 1502 845 1569 cura'tionem
890 1504 1354 1567 existumarem
1399 1525 1629 1584 meam,
1676 1507 1962 1568 ceterum
2006 1503 2110 1567 ius
2154 1507 2222 1567 et
2267 1503 2472 1587 impe-

441 1593 612 1655 rium
667 1593 804 1655 eius
859 1612 1055 1673 penes
1109 1612 1226 1655 vos
1284 1612 1454 1675 esse3
1509 1592 1704 1654 simul
1750 1592 2031 1656 eniterer
2077 1592 2254 1656 domi
2301 1592 2472 1655 mili-

442 1679 699 1761 tiaeque
747 1700 942 1761 quam
989 1701 1290 1743 maxumo
1337 1679 1486 1742 usui
1532 1701 1672 1743 esse
1709 1681 1951 1763 populo
1982 1680 2300 1764 Romano,
2349 1702 2469 1744 vos

443 1767 605 1829 mihi
651 1771 1106 1867 cognatorum,
1168 1788 1286 1831 vos
1346 1767 1655 1830 adfinium
1710 1768 1856 1832 loco
1904 1769 2230 1835 ducerem:
2288 1768 2347 1831 si
2393 1789 2472 1832 ea

441 1854 766 1938 fecissem,
819 1854 890 1918 in
934 1858 1157 1919 vostra
1203 1854 1492 1919 amicitia
1538 1857 1892 1920 exercitum
1945 1855 2210 1920 divitias
2260 1856 2471 1920 muni-

372 1960 404 2006 2
443 1947 664 2007 menta
708 1942 894 2043 regni
940 1964 1042 2006 me
1087 1943 1484 2007 habiturum.
1560 1965 1723 2026 quae
1772 1966 1919 2008 cum
1964 1948 2315 2028 praecepta
2361 1967 2471 2028 pa-

443 2031 645 2094 rentis
701 2030 829 2094 mei
876 2031 1222 2115 agitarem,
1276 2030 1628 2115 Iugurtha,
1691 2032 1890 2095 homo
1949 2032 2242 2096 omnium
2301 2053 2470 2115 quos

443 2123 620 2182 terra
692 2119 974 2183 sustinet
1047 2120 1605 2184 sceleratissumus
1624 2171 1641 2204 ,
1726 2125 2102 2204 contempto
2187 2120 2470 2203 imperio

440 2211 664 2272 vostro
693 2206 1078 2271 Masinissae
1117 2230 1219 2271 me
1246 2212 1554 2291 nepotem
1602 2212 1668 2271 et
1696 2207 1828 2271 iam
1858 2209 1939 2272 ab
1970 2208 2173 2291 stirpe
2214 2209 2471 2272 socium

442 2299 637 2378 atque
684 2297 964 2360 amicum
1008 2296 1235 2380 populi
1263 2295 1543 2359 Romani
1580 2317 1781 2381 regno
1809 2295 2221 2379 fortunisque
2262 2297 2470 2360 omni-

441 2384 564 2448 bus
604 2385 872 2468 expulit.

372 2489 404 2536 3
573 2471 792 2556 Atque
839 2492 980 2557 ego,
1024 2476 1244 2556 patres
1292 2471 1665 2555 conscripti,
1712 2473 2023 2555 quoniam
2062 2495 2137 2537 eo
2176 2471 2469 2537 miseria-

374 2624 378 2628 .
443 2583 588 2624 rum
631 2565 944 2624 venturus
990 2581 1194 2643 eram,
1246 2560 1485 2623 vellem
1530 2560 1752 2643 potius
1810 2561 1893 2624 ob
1941 2583 2087 2624 mea
2133 2582 2332 2644 quam
2381 2563 2468 2625 ob

443 2649 763 2712 maiorum
809 2668 1101 2711 meorum
1131 2646 1432 2710 benificia
1458 2670 1650 2731 posse
1679 2667 1782 2711 me
1832 2671 1871 2711 a
1907 2649 2095 2712 vobis
2145 2650 2467 2713 auxilium

442 2740 688 2818 petere,
753 2757 827 2799 ac
891 2756 1189 2798 maxume
1253 2735 1475 2799 deberi
1540 2736 1702 2799 mihi
1766 2736 2069 2800 benificia
2124 2758 2163 2800 a
2218 2738 2466 2820 populo

444 2822 757 2906 Romano,
804 2822 1040 2905 quibus
1085 2843 1219 2887 non
1264 2843 1539 2907 egerem,
1579 2825 1933 2888 secundum
1978 2847 2071 2908 ea,
2119 2824 2176 2888 si
2222 2825 2468 2889 deside-

372 2927 403 2975 4
443 2912 643 2974 randa
688 2913 899 2992 erant,
953 2911 1052 2974 uti
1099 2911 1337 2975 debitis
1392 2915 1626 2976 uterer.
1719 2912 1830 2975 sed
1878 2913 2186 2995 quoniam
2232 2934 2466 2996 parum

443 3003 588 3063 tuta
641 3021 757 3082 per
812 3020 881 3062 se
935 2999 1080 3082 ipsa
1132 3000 1429 3082 probitas
1478 3005 1605 3083 est,
1657 3022 1868 3083 neque
1925 3002 2087 3064 mihi
2139 3001 2212 3064 in
2266 3023 2466 3066 manu

442 3087 594 3171 fuit,
658 3086 980 3171 Iugurtha
1034 3087 1244 3170 qualis
1307 3087 1506 3171 foret,
1570 3088 1650 3151 ad
1704 3110 1819 3152 vos
1887 3089 2179 3173 confugi,
2243 3094 2466 3173 patres

443 3175 811 3276 conscripti,
839 3176 1113 3275 ‘quibua
1160 3176 1333 3259 quod
1377 3177 1542 3240 mihi
1589 3177 2050 3241 miserrumum
2097 3180 2217 3259 est,
2264 3199 2467 3264 cogor

372 3281 401 3327 5
440 3264 620 3347 prius
676 3264 857 3328 oncri
912 3285 1108 3347 quam
1161 3265 1310 3328 usui
1365 3286 1523 3329 esse.
1616 3265 1817 3328 ceteri
1872 3286 2059 3350 reges
2118 3269 2232 3328 aut
2288 3266 2465 3330 bello

441 3352 598 3416 victi
654 3352 725 3416 in
770 3352 1126 3416 amicitiam
1183 3374 1222 3415 a
1275 3352 1465 3416 vobis
1523 3353 1770 3436 recepti
1831 3357 1985 3416 sunt
2042 3357 2155 3416 aut
2212 3353 2283 3416 in
2330 3355 2463 3418 suis

441 3440 654 3504 dubiis
692 3441 885 3504 rebus
924 3441 1306 3505 societatem
1348 3444 1638 3504 vostram
1687 3441 2168 3523 adpetiverunt:
2214 3440 2466 3505 familia

441 3532 666 3592 nostra
713 3551 858 3593 cum
904 3529 1146 3613 populo
1185 3527 1482 3592 Romano
1520 3529 1693 3591 bello
1734 3527 2265 3613 Carthaginiensi
2314 3531 2465 3593 ami-
