2650 4059
626 266 926 322 BELLUM
962 265 1481 322 IUGURTHINUM
1519 285 1564 323 c.
1603 274 1829 324 35—38.
2149 272 2233 337 69

211 412 514 497 comitia,
572 413 743 497 quod
799 416 1055 497 tempus
1110 413 1284 477 haud
1327 413 1523 497 longe
1571 413 1821 497 aberat,
1877 415 2073 480 armis
2121 420 2235 480 aut

212 500 546 565 deditione
577 505 690 565 aut
719 501 949 584 quovis
978 502 1170 565 modo
1199 500 1446 566 bellum
1475 502 1836 566 conficeret.
1910 506 1981 566 at
2009 506 2234 568 contra
2273 522 2302 569 2

211 587 542 673 Iugurtha
569 588 826 653 trahere
847 589 1066 653 omnia
1093 593 1160 652 et
1188 588 1369 673 alias,
1398 589 1622 654 deinde
1654 590 1813 654 alias
1844 611 2064 655 morae
2093 612 2235 655 cau-

214 698 324 740 sas
359 675 592 760 facere,
630 676 928 761 polliceri
965 676 1358 742 deditionem
1399 698 1474 742 ac
1515 677 1742 742 deinde
1769 682 2019 742 metum
2042 678 2234 743 simu-

211 765 370 849 lare,
409 764 630 829 cedere
675 764 951 829 instanti
999 769 1065 829 et
1111 765 1306 850 paulo
1352 769 1524 849 post,
1574 788 1657 830 ne
1705 766 1805 831 sui
1850 765 2234 850 diffiderent,

212 853 490 916 instare:
525 853 623 916 ita
658 852 816 917 belli
844 853 1036 918 modo
1066 853 1257 917 modo
1286 853 1465 937 pacis
1487 875 1673 917 mora
1713 854 2045 918 consulem
2074 854 2234 918 ludi-

212 941 428 1005 ficare.
520 963 596 1005 ac
640 940 821 1005 fuere
860 941 971 1025 qui
1008 945 1152 1005 tum
1181 940 1499 1006 Albinum
1540 942 1714 1005 haud
1749 942 2052 1027 ignarum
2089 964 2234 1007 con·
2273 962 2305 1008 3

214 1027 326 1092 sili
361 1028 536 1113 regis
576 1028 1044 1093 existumarent
1074 1050 1281 1112 neque
1306 1033 1617 1114 &tanta
1643 1030 2062 1114 properantia
2097 1034 2283 1094 tam<
2308 988 2648 1233 Ψ

110 1191 118 1198 ,
212 1116 407 1180 facile
445 1119 731 1181 tractum
767 1116 1012 1181 bellum
1068 1117 1363 1181 socordia
1409 1118 1618 1202 magis
1668 1139 1863 1201 quam
1909 1118 2059 1183 dolo
2106 1140 2235 1184 cre-

215 1206 462 1269 derent.
536 1205 647 1269 sed
674 1209 1025 1289 postquam
1054 1205 1304 1289 dilapso
1334 1209 1627 1288 tempore
1657 1205 2073 1270 comitiorum
2097 1206 2232 1270 dies
2270 1225 2305 1281 4

214 1291 628 1376 adventabat,
674 1292 1158 1377 AlbinusAulo
1194 1293 1256 1357 fr
1298 1296 1398 1356 tre
1427 1292 1497 1356 in
1525 1293 1758 1357 castris
1785 1315 1906 1377 pro
1934 1298 2234 1378 praetore

217 1380 452 1446 relicto
499 1380 779 1446 Romam
826 1381 1123 1445 decessit.
2074 1391 2079 1396 ’

351 1468 451 1532 Ea
487 1471 878 1552 tempestate
916 1468 1163 1533 Romae
1201 1468 1631 1534 seditionibus
1670 1468 2037 1533 tribuniciis
2066 1473 2236 1533 atro·
2256 1472 2337 1535 37

218 1558 387 1622 citer
422 1577 527 1621 res
562 1556 827 1640 publica
865 1556 1257 1642 agitabatur.
1331 1556 1401 1621 P.
1438 1556 1748 1622 Lucullus
1788 1561 1854 1621 et
1881 1555 1952 1621 L.
1981 1556 2235 1622 Annius
2273 1575 2305 1624 2

195 1644 468 1709 -tribuni
521 1644 730 1728 plebis
776 1644 1232 1710 resistentibus
1278 1646 1566 1730 conlegis
1614 1644 1990 1710 continuare
2035 1646 2236 1730 magi·

219 1737 503 1799 stratum
537 1732 935 1816 nitebantur,
977 1755 1140 1816 quae
1177 1733 1494 1798 dissensio
1532 1733 1739 1797 totius
1778 1734 1931 1797 anni
1969 1734 2238 1798 comitia

216 1820 608 1905 inpediebat.
700 1843 775 1885 ea
828 1843 1013 1885 mora
1064 1821 1135 1885 in
1179 1843 1363 1905 spem
1408 1821 1723 1886 adductus
1770 1820 1997 1905 AuluS,
2046 1843 2237 1905 quem
2274 1840 2306 1886 3

217 1931 341 1994 pro
395 1914 695 1993 praetore
750 1909 822 1973 in
876 1909 1106 1974 castris
1162 1909 1463 1973 relictum
1519 1931 1716 1993 supra
1763 1908 2068 1993 diximus,
2123 1913 2237 1972 aut

220 1997 609 2063 conficiundi
662 1996 818 2061 belli
873 2001 988 2061 aut
1041 2002 1288 2061 terrore
1346 1998 1662 2062 exercitus
1719 1997 1801 2061 ab
1856 2018 2008 2082 rege
2051 2019 2239 2081 pecu-

218 2087 367 2150 niae
414 2084 766 2168 capiundae
812 2084 1055 2152 milites
1102 2106 1320 2149 mense
1368 2085 1670 2149 Ianuario
1718 2107 1796 2149 ex
1838 2084 2128 2149 hibernis
2170 2085 2240 2149 in

209 2173 698 2257 ,expeditionem
727 2177 971 2257 evocat,
999 2173 1381 2258 magnisque
1407 2172 1752 2238 itineribus
1778 2173 1990 2237 hieme
2011 2195 2239 2257 aspera

219 2261 517 2347 pervenit
562 2262 643 2325 ad
689 2261 998 2346 oppidum
1046 2260 1299 2345 Suthul,
1345 2261 1460 2326 ubi
1497 2262 1670 2346 regis
1709 2261 1996 2325 thesauri
2037 2265 2237 2325 erant.

222 2350 397 2435 quod
442 2371 833 2433 quamquam
878 2354 945 2414 et
986 2350 1257 2414 saevitia
1292 2349 1606 2433 temporis
1643 2353 1709 2412 et
1748 2370 1785 2412 o
1831 2348 2237 2432 portunitate
2275 2365 2309 2413 4

221 2438 353 2503 loci
404 2459 613 2521 neque
670 2438 815 2522 capi
869 2459 1078 2521 neque
1134 2436 1415 2501 obsideri
1466 2439 1726 2520 poterat
1997 2436 2240 2500 circum

224 2548 484 2591 murum
538 2526 739 2590 situm
792 2526 862 2590 in
913 2525 1247 2610 praerupti
1306 2525 1547 2589 montis
1600 2527 1888 2588 extremo
1934 2523 2238 2608 planities

222 2615 460 2680 limosa
510 2613 899 2678 hiemalibus
947 2614 1130 2698 aquis
1176 2613 1478 2697 paludem
1524 2608 1812 2698 fecerat),
1858 2616 2080 2676 tamen
2125 2616 2239 2676 aut
2476 2689 2483 2692 Α

225 2702 575 2767 simulandi
630 2702 871 2787 gratia,
927 2724 1056 2786 quo
1111 2702 1253 2787 regi
1305 2701 1720 2767 formidinem
1773 2702 2062 2784 adderet,
2126 2704 2287 2764 aut:
2326 2675 2465 2772 M

225 2790 524 2875 cupidine
580 2812 805 2855 caecus
862 2790 945 2854 ob
1002 2790 1345 2854 thesauros
1402 2789 1621 2874 oppidi
1674 2790 1974 2872 potiundi
2017 2789 2237 2853 vineas

225 2899 445 2964 agere,
501 2898 808 2965 aggerem
853 2878 1061 2943 iacere
1108 2878 1389 2962 aliaque,
1442 2899 1605 2961 quae
1650 2876 1908 2961 incepto
1955 2877 2103 2942 usui
2146 2876 2239 2942 fo-

223 2972 399 3052 rent,
451 2988 814 3050 properara
906 2971 975 3030 at
1016 2964 1339 3052 Iugurtha
1393 2966 1658 3051 cognita
1704 2966 1994 3029 vanitate
2041 2968 2237 3047 atque
2258 2967 2341 3031 38

225 3054 533 3138 inperitia
586 3054 792 3140 legati
846 3054 1116 3119 subdole
1167 3054 1304 3118 eius
1353 3075 1588 3139 augere
1626 3052 1994 3134 amentiam,
2031 3051 2239 3116 missi-

224 3147 367 3207 tare
423 3142 850 3226 supplicantis
904 3142 1158 3227 legatos
1168 3193 1185 3226 ,
1237 3142 1379 3225 ipse
1435 3141 1620 3225 quasi
1674 3139 2065 3204 vitabundus
2122 3160 2240 3223 per

226 3231 519 3295 saltuosa
562 3231 708 3295 loca
753 3234 821 3293 et
865 3230 1163 3294 tramites
1210 3229 1562 3294 exercitum
1608 3229 1888 3293 ductare.
1965 3226 2237 3310 denique
2275 3244 2307 3292 2

223 3318 470 3383 Aulum
516 3340 629 3402 spe
674 3318 995 3402 pactionis
1048 3317 1364 3403 perpulit,
1419 3317 1520 3381 uti
1574 3316 1802 3382 relicto
1852 3314 2126 3380 Suthule
2170 3314 2241 3378 in

224 3407 483 3471 abditas
554 3407 855 3492 regiones
920 3427 1059 3481 sese
1124 3405 1330 3470 veluti
1401 3406 1732 3471 cedentem
1792 3404 2241 3487 insequeretur

225 3491 353 3579 (ita
386 3494 624 3559 delicta
653 3494 1008 3559 occultiora
1032 3489 1258 3578 fuere).
1327 3494 1577 3559 interea
1602 3514 1719 3577 per
1743 3491 2038 3558 homines
2068 3490 2240 3556 calli·
2277 3508 2316 3555 a

222 3583 343 3647 dos
398 3582 508 3646 diu
562 3585 889 3664 noctuque
953 3580 1307 3647 exercitum
1374 3580 1766 3666 temptabat,
1831 3579 2241 3645 centuriones
