2650 4059
637 283 929 339 BELLUM
962 283 1483 340 IUGURTHINUM.
1519 303 1566 340 c.
1595 291 1820 341 24—28.
2151 285 2232 350 61

84 501 94 509 .
211 429 376 517 nati
406 420 622 494 verbis
660 449 891 514 graves
928 429 1138 493 minae
1173 429 1663 514 nuntiabantur,
1709 431 1882 513 quod
1918 431 1999 494 ab
2037 453 2238 515 oppu-
2261 403 2587 499 ἦὶὶῖὰῑᾶά

187 517 531 601 ·gnatione
580 540 717 582 non
768 517 1137 601 desisteret,
1203 518 1412 581 multa
1469 522 1690 581 tamen
1745 518 2036 583 oratione
2090 540 2236 584 con-

213 608 485 688 sumpta
526 605 732 690 legati
775 605 1023 670 frustra
1066 605 1435 670 discessere.

211 691 222 699 ’
352 692 455 757 Ea
498 697 848 777 postquam
895 692 1114 758 Cirtae
1159 693 1382 757 audita
1426 697 1605 777 sunt,
1660 692 1904 778 Italici,
1960 715 2234 778 quorum
2254 695 2339 757 26

217 781 462 844 virtute
510 781 766 845 moenia
818 780 1347 865 defensabantur,
1401 781 1627 847 confisi
1681 781 2006 846 deditione
2058 781 2235 846 facta

155 991 160 996 -
214 890 382 1040 ἓξὲξ
388 872 786 1021 ssffiffi}
789 868 1542 1041 Ἓὲὲἓὲἱξᾝῗξθῗὲῗ
1545 891 1652 1022 {¹13²
1663 870 2234 1042 &limis

216 1046 372 1108 thae
408 1045 645 1128 tradat,
689 1048 948 1109 tantum
983 1045 1064 1109 ab
1105 1067 1181 1110 eo
1216 1045 1423 1109 vitam
1457 1046 1849 1128 paciscatur:
1896 1046 1972 1109 de
2001 1046 2232 1110 ceteris
2608 1119 2635 1125 θ

215 1133 478 1196 senatui
523 1154 712 1196 curae
757 1132 913 1197 fore.
975 1136 1045 1196 at
1080 1133 1210 1217 ille,
1255 1133 1523 1197 tametsi
1561 1133 1778 1197 omnia
1813 1134 2073 1217 potiora
2106 1133 2232 1197 fide
2384 1125 2396 1139 ’
2531 1116 2612 1201 ἶ(

216 1220 575 1305 Iugurthae
622 1210 912 1304 rebatur,
958 1225 1204 1305 tamen,
1252 1221 1407 1304 quia
1449 1241 1646 1304 penes
1693 1222 1979 1305 eosdem,
2027 1222 2084 1286 si
2129 1222 2234 1285 ad-

216 1311 616 1392 versaretur,
673 1309 952 1394 cogundi
996 1313 1289 1392 potestas
1337 1312 1476 1372 erat
1485 1359 1502 1391 ,
1547 1307 1660 1394 ita,
1703 1310 1804 1372 uti
1851 1312 2233 1373 censuerant

217 1396 462 1481 Italici,
517 1396 912 1461 deditionem
965 1396 1143 1461 facit.
1233 1395 1557 1480 Iugurtha
1598 1396 1670 1460 in
1712 1397 1940 1479 primis
1987 1397 2231 1461 Adher·
2269 1412 2300 1461 3

217 1485 435 1549 balem
480 1485 919 1549 excruciatum
962 1488 1177 1568 necat,
1236 1483 1463 1548 deinde
1521 1484 1732 1549 omnis
1777 1486 2052 1568 puberes
2100 1484 2165 1548 N
2165 1506 2233 1548 u-

218 1573 426 1637 midas
482 1576 676 1656 atque
718 1571 1163 1658 negotiatores
1215 1572 1608 1657 promiscue,
1662 1572 1761 1636 uti
1817 1573 2091 1656 quisque
2134 1594 2231 1637 ar-

218 1664 435 1724 matus
482 1660 709 1724 obvius
754 1659 987 1745 fuerat,
1030 1660 1359 1724 interficit.

353 1747 541 1824 Quod
596 1751 947 1832 postquam
1005 1747 1251 1813 Romae
1310 1748 1649 1833 cognitum
1711 1752 1814 1813 est
1876 1754 1945 1813 et
2001 1770 2105 1814 res
2162 1749 2333 1817 11127

217 1841 450 1902 senatu
509 1836 747 1921 agitari
801 1840 1056 1921 coepta,
1109 1836 1281 1900 idem
1334 1836 1436 1899 illi
1489 1836 1773 1900 ministri
1816 1837 1992 1922 regis
2038 1837 2234 1900 inter·

214 1924 519 2009 pellando
575 1946 651 1990 ac
705 1946 895 2009 saepe
942 1924 1184 2009 gratia,
1241 1924 1569 1988 interdum
1623 1924 1852 2009 iurgiis
1908 1925 2231 1989 trahundo

215 2019 506 2096 tempus,
561 2013 976 2077 atrocitatem
1029 2011 1189 2077 facti
1245 2012 1592 2077 leniebant.
1684 2034 1759 2076 ac
1802 2013 1872 2076 ni
1919 2012 1988 2078 O.
2034 2012 2233 2076 Mem·
2270 2033 2302 2081 2

216 2101 389 2165 mius
435 2100 736 2164 tribunus
780 2101 991 2184 plebis
1038 2100 1443 2185 designatuS,
1495 2101 1597 2164 vir
1641 2122 1788 2165 acer
1843 2105 1910 2165 et
1954 2100 2232 2165 infestus

213 2189 552 2274 potentiae
613 2188 979 2253 nobilitatis
991 2239 1008 2272 ,
1069 2189 1384 2272 populum
1437 2188 1806 2252 Romanum
1870 2189 2235 2252 edocuisset

214 2279 285 2341 id
323 2277 460 2361 agi,
504 2280 581 2340 ut
623 2298 740 2361 per
783 2298 1024 2360 paucos
1071 2276 1382 2341 factiosos
1428 2275 1785 2361 Iugurthae
1832 2276 2040 2340 scelus
2089 2298 2234 2341 con-

216 2367 594 2448 donaretur,
631 2364 932 2447 profecto
981 2365 1189 2428 omnis
1248 2364 1494 2427 invidia
1535 2363 1937 2447 prolatandis
1984 2363 2235 2427 consul-

216 2453 580 2518 tationibus
636 2453 887 2536 dilapsa
937 2451 1135 2516 foret:
1190 2456 1378 2515 tanta
1430 2450 1529 2515 vis
1584 2451 1832 2536 gratiae
1887 2454 2083 2534 atque
2128 2472 2235 2535 pe·

217 2541 448 2607 cuniae
493 2539 667 2625 regis
714 2544 869 2605 erat.
944 2539 1057 2604 sed
1100 2539 1215 2604 ubi
1261 2543 1524 2604 senatus
1571 2539 1792 2603 delicti
1838 2539 2236 2603 conscientia
2271 2559 2303 2607 3

216 2628 534 2714 populum
569 2628 780 2711 timet,
813 2629 958 2712 lege
989 2626 1372 2711 Sempronia
1406 2627 1775 2712 provinciae
1810 2626 2052 2692 futuris
2090 2649 2236 2693 con-

219 2718 472 2790 sulibus
502 2714 810 2780 Numidia
855 2721 1050 2798 atque
1097 2714 1293 2780 Italia
1338 2717 1661 2800 decretae3
1697 2717 1993 2781 consules
2031 2717 2236 2782 decla-
2270 2735 2306 2782 4

219 2805 350 2869 rati
405 2804 477 2868 P.
526 2802 743 2887 Scipio
790 2802 1032 2868 Nasica
1075 2801 1147 2867 L.
1193 2803 1446 2887 Bestia3
1500 2802 1851 2889 Calpurnio
1907 2804 2234 2890 Numidia,

222 2891 514 2977 Scipioni
559 2890 756 2955 Italia
801 2891 1082 2956 obvenit.
1145 2892 1373 2956 deinde
1420 2893 1758 2976 exercituS,
1804 2894 1916 2976 qui
1959 2894 2031 2958 in
2064 2893 2237 2958 Afri·
2272 2911 2304 2958 5

222 3002 365 3046 cam
414 2983 813 3064 portaretur,
875 2979 1209 3064 scribitur,
1273 2980 1672 3064 stipendium
1725 2981 2007 3066 aliaque,
2071 3003 2235 3064 quae

222 3068 395 3133 bello
440 3067 589 3132 usui
632 3066 866 3152 forent,
908 3068 1355 3132 decernuntur.

338 3156 446 3220 'At
489 3153 811 3241 Iugurtha
864 3159 1092 3220 contra
1136 3176 1319 3240 spem
1370 3155 1604 3220 nuntio
1652 3159 1944 3238 accepto,
1991 3156 2229 3239 quippe
2252 3158 2337 3223 28

221 3245 327 3310 cui
372 3243 619 3308 Romae
666 3244 884 3309 omnia
926 3242 1144 3308 venire
1189 3243 1260 3307 in
1295 3242 1513 3308 animo
1559 3242 1877 3327 haeserat,
1923 3243 2133 3306 filium
2169 3247 2238 3307 et

221 3356 370 3398 cum
434 3353 511 3397 eo
570 3332 733 3395 duos
796 3331 1139 3395 familiaris
1204 3332 1284 3395 ad
1351 3335 1652 3396 senatum
1709 3331 1962 3415 legatos
2027 3331 2238 3395 mittit

221 3421 442 3505 eisque
505 3419 607 3484 uti
659 3418 819 3502 illis,
884 3441 1045 3503 quos
1100 3418 1479 3504 Hiempsale
1542 3419 1886 3483 interfecto
1950 3419 2238 3503 miserat,

220 3507 562 3593 praecipit,
615 3505 826 3570 omnis
857 3507 1169 3572 'mortalis
1223 3508 1499 3592 pecunia
1553 3508 2032 3593 aggrediantur.
2123 3507 2237 3590 qui
2273 3523 2306 3571 2

223 3598 573 3677 postquam
614 3594 892 3658 Romam
940 3596 1397 3688 adventabant,
1444 3600 1709 3660 senatus
1747 3618 1787 3660 a
1822 3595 2047 3659 Bestia
2092 3616 2239 3660 cou-
