2650 4059
658 205 951 260 BELLUM
984 205 1503 260 IUGURTfflNUM
1540 222 1586 260 c.
1624 212 1851 260 41-44.
2191 207 2272 270 73

246 352 428 416 malo
478 372 658 415 more
704 350 1009 415 iniuriam
1053 350 1325 415 vincere.
1416 351 1647 435 igitur.
1668 374 1744 416 ea
1787 351 2062 416 victoria
2095 351 2277 416 nobi·
2313 367 2345 414 4

249 439 409 503 litas
467 461 548 502 ex
600 438 888 503 lubidine
945 460 1064 503 sua
1115 460 1236 503 usa
1289 438 1533 503 multos
1589 439 1886 504 mortalis
1942 439 2114 504 ferro
2164 445 2277 504 aut

252 527 415 611 fuga
472 526 751 590 extinxit
805 527 1083 610 plusque
1137 526 1232 590 in‘
1259 526 1529 590 relicum
1586 527 1711 591 sibi
1769 527 2024 591 timoris
2082 550 2275 612 quam

254 615 589 699 potentiae
646 614 908 679 addidit.
1001 636 1162 698 quae
1217 636 1321 679 res
1375 615 1755 699 plerumque
1810 636 2081 700 magnas
2129 616 2279 680 civi-

256 703 416 767 tatis
463 723 728 786 pessum
774 702 975 786 dedit,
1021 703 1176 766 dum
1221 701 1412 766 alteri
1459 704 1700 768 alteros
1746 703 1999 768 vincere
2047 704 2275 787 quovis

258 791 451 856 modo
498 794 566 855 et
610 790 819 855 victos
858 790 1151 855 acerbius
1189 790 1416 855 ulcisci
1452 792 1696 855 volunt.
1771 792 1882 856 sed
1928 793 2004 855 de
2044 792 2275 856 studiis
2314 805 2346 853 5

258 879 551 963 partium
597 882 665 943 et
712 878 922 943 omnis
970 878 1257 943 civitatis
1304 879 1595 943 moribus
1645 880 1700 944 si
1739 879 2126 965 singillatim
2163 883 2278 944 aut

256 989 376 1050 pro
434 966 881 1051 magnitudine
935 988 1159 1050 parem
1215 966 1556 1051 disserere,
1612 971 1869 1051 tempus
1926 989 2122 1051 quam
2174 983 2277 1032 res

259 1055 583 1119 maturius
612 1077 715 1118 me
744 1055 1014 1119 deseret.
1089 1076 1282 1138 quam
1323 1055 1408 1119 ob
1437 1077 1575 1119 rem
1603 1056 1684 1119 ad
1711 1056 2042 1140 inceptum
2070 1057 2276 1121 rede0.

253 1218 259 1223 .
390 1142 556 1207 Post
591 1142 747 1206 Auli
784 1142 1011 1208 foedus
1049 1142 1496 1227 exercitusque
1531 1143 1744 1208 nostri
1768 1144 2025 1209 foedam
2051 1144 2277 1230 fugam
2295 1144 2382 1207 43

258 1231 564 1295 Metellus
609 1235 676 1295 et
715 1229 974 1295 Silanus
1011 1231 1307 1295 consules
1347 1231 1668 1316 designati
1705 1231 2071 1314 provincias
2107 1233 2279 1296 inter

260 1341 328 1383 se
373 1319 779 1404 partiverant
823 1318 1217 1403 Metelloque
1255 1318 1567 1383 Numidia
1604 1324 1921 1403 evenerat,
1967 1320 2100 1384 acri
2137 1320 2278 1384 viro

240 1411 351 1492 et,
412 1429 807 1491 quamquam
858 1407 1131 1473 advorso
1184 1407 1412 1490 populi
1464 1408 1778 1492 partium,
1833 1407 2008 1471 fama
2060 1412 2280 1471 tamen

262 1495 586 1578 aequabili
641 1499 708 1559 et
760 1495 1089 1559 inviolata.
1188 1496 1245 1559 is
1310 1495 1426 1559 ubi
1479 1495 1762 1579 primum
1818 1496 2279 1580 magistratum
2315 1510 2348 1557 2

263 1584 599 1668 ingressus
646 1587 765 1669 est,
811 1583 940 1647 alia
986 1583 1205 1647 omnia
1250 1583 1377 1647 sibi
1425 1605 1572 1648 cum
1618 1584 1887 1669 conlega
1931 1587 2114 1648 ratus
2125 1635 2142 1667 ,
2198 1583 2279 1647 ad

261 1671 527 1755 bellum,
549 1672 718 1755 quod
741 1674 1044 1756 gesturus
1065 1675 1223 1754 erat,
1243 1671 1532 1737 animum
1551 1671 1846 1736 intendit.
1893 1671 2098 1757 igitur
2117 1671 2280 1735 diffi-
2317 1687 2351 1734 3

264 1760 421 1823 dens
450 1759 654 1823 veteri
683 1759 995 1823 exercitui
1022 1759 1264 1823 milites
1298 1760 1592 1845 [eligere]
1625 1760 1924 1845 scribere,
1959 1760 2283 1844 praesidia

174 1886 182 1894 ·
218 1890 224 1895 -
258 1847 543 1930 undique
591 1868 939 1932 arcessere,
996 1869 1177 1911 arma
1222 1848 1372 1931 tela,
1428 1869 1626 1931 equos
1674 1852 1741 1911 et
1787 1853 2001 1912 cetera
2045 1848 2281 1912 instru-

259 1938 485 1999 menta
524 1935 799 2004 militiae
827 1957 1076 2019 parare,
1114 1936 1193 1999 ad
1220 1935 1347 1999 hoc
1362 1940 1786 2001 conmeatum
1817 1936 2081 2020 affatim,
2110 1936 2281 2001 deni·
2314 1973 2317 1976 -

258 2045 386 2107 que
418 2023 653 2108 omnia,
683 2045 846 2106 quae
874 2023 945 2087 in
971 2023 1145 2087 bello
1165 2024 1346 2088 vario
1368 2028 1434 2088 et
1452 2024 1807 2088 multarum
1825 2046 2042 2089 rerum
2062 2024 2280 2109 egenti

253 2110 416 2192 Q
437 2133 577 2175 esse
607 2111 836 2175 solent.
893 2115 1180 2175 ceterum
1208 2112 1287 2175 ad
1318 2134 1395 2176 ea
1420 2112 1738 2196 patranda
1770 2116 2033 2176 senatus
2063 2116 2279 2177 aucto·
2294 2068 2648 2268 W

255 2200 476 2283 ritate,
523 2199 683 2264 socii
703 2283 707 2287 .
726 2221 1089 2283 nomenque
1135 2198 1446 2264 Latinum
1493 2204 1560 2263 et
1604 2220 1790 2283 reges
1827 2199 2002 2264 ultro
2041 2200 2282 2264 auxilia

257 2287 620 2371 mittundO,
674 2291 1005 2371 postremo
1063 2288 1272 2372 omnis
1330 2288 1559 2352 civitas
1616 2309 1868 2352 summo
1917 2288 2141 2351 studio
2178 2288 2282 2351 ad-

255 2375 613 2439 nitebatur.
702 2375 923 2459 itaque
971 2397 1050 2439 ex
1095 2376 1420 2440 sententia
1466 2375 1765 2439 omnibus
1803 2375 1995 2439 rebus
2032 2374 2279 2458 paratis
2319 2391 2353 2437 5

256 2463 746 2547 conpositisque
797 2464 868 2527 in
924 2462 1301 2527 Numidiam
1355 2463 1818 2547 proficiscitur,
1873 2483 2112 2547 magna
2167 2483 2280 2545 spe

260 2551 503 2615 civium
550 2556 707 2616 *cum
759 2555 1029 2635 propter
1068 2552 1245 2615 artis
1301 2551 1506 2616 bonas
1562 2555 1702 2615 tum
1757 2572 2053 2614 maxume
2111 2546 2538 2707 quod(amab

262 2638 614 2703 advorsum
662 2639 922 2704 divitias
975 2639 1291 2705 invictum
1348 2640 1636 2704 animum
1692 2639 1961 2725 gerebat
2016 2642 2083 2702 et
2138 2659 2280 2702 ava·
2311 2645 2514 2731 ψ

258 2726 420 2791 ritia
455 2727 962 2812 magistratuum
999 2732 1148 2792 ante
1185 2728 1252 2791 id
1288 2732 1547 2811 tempus
1575 2728 1647 2792 in
1672 2727 1737 2791 N
1738 2727 1985 2833 umidja
2016 2731 2280 2791 nostrae

233 2836 419 2898 ,opes
467 2820 774 2879 contusae
821 2815 1238 2900 hostiumque
1287 2821 1513 2881 auctae
1561 2819 1762 2880 erant.
1868 2833 1900 2872 ..⁴
2377 2832 2385 2838 ·

397 2901 525 2967 Sed
576 2903 692 2967 ubi
736 2904 807 2968 in
850 2902 1142 2968 Africam
1187 2903 1393 2987 venit,
1441 2903 1760 2969 exercitus
1844 2927 1867 2967 1
1914 2904 2198 2968 traditur
2243 2925 2283 2967 a
2300 2904 2391 2968 44

140 3038 145 3042 -
260 2989 371 3074 Sp.
417 2990 659 3056 Albino
715 2991 1099 3075 proconsule
1153 2991 1326 3055 iners
1391 2992 1681 3075 inbellis,
1737 3013 1946 3075 neque
2009 2991 2280 3074 periculi

255 3100 469 3161 neque
514 3079 759 3144 laboris
805 3079 1089 3164 patiens,
1142 3079 1370 3164 lingua
1417 3100 1611 3162 quam
1658 3100 1853 3143 manu
1897 3077 2280 3162 promptior,

256 3167 611 3250 praedator
666 3189 746 3230 ex
800 3167 993 3232 sociis
1041 3172 1107 3231 et
1150 3167 1290 3250 ipse
1335 3168 1577 3251 praeda
1619 3166 1938 3249 hostium,
1985 3166 2122 3230 sine
2168 3166 2283 3228 im-

256 3254 442 3337 perio
500 3260 566 3319 et
615 3255 937 3320 modestia
981 3255 1266 3319 habitus.
1355 3254 1453 3318 ita
1497 3255 1875 3338 imperatori
1919 3275 2089 3318 novo
2134 3253 2281 3336 plus
2320 3269 2353 3315 2

260 3364 340 3406 ex
379 3342 569 3407 malis
607 3342 898 3406 moribus
938 3342 1396 3408 sollicitudinis
1436 3364 1631 3426 quam
1668 3363 1746 3405 ex
1784 3342 1971 3425 copia
1998 3341 2284 3405 militum

259 3430 465 3494 auxili
519 3435 634 3495 aut
692 3430 830 3512 spei
885 3430 1094 3495 bonae
1151 3428 1518 3494 adcedebat.
1610 3429 1845 3494 statuit
1889 3434 2110 3493 tamen
2154 3427 2284 3492 Me·
2320 3444 2356 3490 3

259 3518 486 3602 tellus,
542 3538 937 3602 quamquam
992 3522 1059 3583 et
1113 3517 1511 3582 aestivorum
1565 3522 1821 3599 tempus
1870 3516 2282 3582 comitiorum
