2650 4059
348 619 384 680 '⁷

350 896 383 944 8

425 208 552 272 136
1079 207 1134 264 Ο.
1175 207 1521 264 SALLUSTI
1557 209 1787 264 CRISPI

422 351 909 416 subvenientem
936 352 1338 416 Antiochum
1385 353 1796 420 concessione
1829 353 2025 418 Asiae
2062 377 2180 438 per
2217 355 2448 455 dolum

422 443 716 505 avortere
726 490 744 524 ,
790 462 864 505 ac
910 462 1061 504 mox
1103 440 1315 504 fracto
1361 439 1666 524 Philippo
1705 440 2070 507 Antiochus
2119 443 2300 508 omni
2350 442 2447 508 cis

420 528 730 596 Το1111110
752 549 910 613 0810
965 532 1031 592 01
1077 528 1297 593 decem
1344 527 1607 592 milibus
1662 529 2060 594 talentorum
2115 530 2450 613 spoliatus

421 620 537 680 est.
609 615 869 680 Persen
930 616 1184 699 deinde,
1246 615 1538 699 Philippi
1599 616 1836 700 filium,
1898 622 2051 702 post
2106 615 2318 682 multa
2376 623 2447 684 et

419 704 600 768 varia
645 704 1000 769 certamina
1045 704 1214 787 apud
1262 701 1719 769 Samothracas
1778 706 1930 770 deos
1978 710 2326 790 acceptum
2373 707 2444 771 in

419 792 613 857 fidem
658 791 876 856 callidi
920 796 987 855 et
1032 794 1397 891 repertores
1441 792 1766 876 perfidiae,
1813 794 1966 875 quia
1999 797 2193 894 pacto
2229 794 2438 894 vitam

420 880 745 963 dederant,
790 879 1130 944 insomniis
1178 878 1483 943 occidere.
1564 878 1941 963 Eumenem,
1988 881 2169 946 cuius
2217 882 2439 947 amici-
2525 935 2530 940 .

419 968 581 1032 tiam
652 967 934 1053 gloriose
1005 970 1367 1048 ostentant,
1437 966 1628 1031 initio
1699 968 2038 1051 prodidere
2102 967 2437 1034 Antiocho

417 1056 597 1139 pacis
635 1056 1019 1139 mercedem3
1063 1058 1234 1138 post,
1269 1017 1571 1118 habitum
1609 1056 1940 1120 custodiae
1983 1056 2126 1149 agri
2173 1057 2440 1141 captivi,

420 1143 786 1227 sumptibus
834 1146 900 1207 et
947 1142 1354 1207 contumeliis
1402 1164 1481 1207 ex
1525 1163 1677 1228 rege
1724 1144 2179 1208 miserrumum
2222 1166 2439 1209 servo-

418 1253 565 1295 rum
602 1231 883 1315 effecere,
919 1231 1356 1331 simulatoque
1393 1230 1571 1314 inpio
1610 1234 2004 1295 testamento
2043 1231 2252 1296 filium
2295 1233 2439 1297 eius

417 1317 881 1402 Aristonicum,
929 1319 1080 1402 quia
1124 1318 1413 1401 patrium
1449 1339 1721 1403 regnum
1757 1320 2097 1403 petiverat,
2141 1320 2437 1385 hostium

362 1426 367 1431 ·
419 1428 598 1471 more
660 1428 777 1491 per
839 1406 1241 1490 triumphum
1295 1406 1557 1489 duxere,
1620 1405 1783 1471 Asia
1827 1408 1908 1471 ab
1956 1407 2117 1490 ipsis
2165 1408 2439 1473 obsessa

348 1510 381 1557 9

316 1772 382 1820 10

316 2299 379 2347 11

316 2474 381 2521 12

316 2977 380 3048 15

315 3524 377 3573 14

418 1499 535 1558 est.
598 1499 929 1578 postremo
975 1493 1360 1578 Bithyniam
1402 1492 1755 1558 Nicomede
1794 1498 2053 1559 mortuo
2092 1495 2436 1581 diripuere,

418 1604 565 1646 cum
607 1583 780 1647 filius
827 1581 1026 1665 Nysa,
1075 1603 1268 1665 quam
1312 1581 1606 1683 reginam
1653 1583 2122 1667 appellaverat,
2167 1584 2434 1667 genitus

416 1670 589 1733 haud
634 1670 826 1734 dubie
873 1674 1062 1733 esset.

548 1756 721 1822 Nam
786 1757 940 1857 quid
1003 1776 1124 1841 ego
1189 1778 1291 1820 me
1348 1757 1713 1841 appellem?
1789 1779 2007 1842 quem,
2069 1758 2437 1823 diiunctum
2492 1815 2503 1824 .

415 1845 697 1929 undique
742 1844 960 1929 regnis
1007 1848 1075 1908 et
1120 1844 1490 1909 tetrarchiis
1517 1846 1622 1909 -ab
1668 1845 1941 1928 imperio
1989 1867 2230 1929 eorum,
2279 1847 2438 1929 quia
2565 1876 2569 1879 >
2610 1835 2611 1850 ¹

416 1933 592 1996 fama
637 1937 777 1996 erat
822 1932 1089 1996 divitem
1131 1954 1340 2016 neque
1404 1933 1796 1997 serviturum
1842 1954 2009 2017 esse,
2076 1955 2193 2017 per
2237 1933 2436 1999 Nico-

418 2021 667 2084 medem
711 2020 884 2084 bello
930 2020 1413 2104 lacessiverunt,
1459 2020 1720 2085 sceleris
1768 2042 1991 2085 eorum
2034 2021 2210 2085 haud
2251 2021 2437 2107 igna-
2508 2065 2516 2072 -

417 2129 562 2172 rum
608 2111 674 2172 et
720 2129 822 2191 ea,
877 2129 1040 2191 quae
1101 2108 1416 2192 accidere,
1470 2112 1787 2173 testatum
1843 2112 2035 2172 antea
2081 2108 2438 2194 Cretensis,

418 2196 591 2261 solos
639 2195 927 2261 omnium
971 2196 1212 2260 liberos
1258 2217 1335 2259 ea
1379 2159 1789 2280 tempestate,
1838 2200 1906 2259 et
1948 2216 2170 2281 regem
2215 2195 2436 2262 Ρ1010-

419 2306 690 2348 10001110.
754 2289 948 2368 atque
995 2304 1116 2369 ego
1155 2283 1388 2348 1111110
1370 2283 1640 2348 10101100
1668 2282 2090 2348 Nicomedem
2117 2284 2436 2368 Bithynia

417 2372 634 2455 expuli
678 2371 1059 2456 Asiamque,
1123 2371 1405 2455 spolium
1468 2371 1641 2456 regis
1705 2370 2046 2455 Antiochi,
2102 2373 2319 2456 recepi
2365 2377 2438 2437 et

419 2458 727 2524 Graeciae
775 2460 1025 2543 dempsi
1056 2480 1256 2544 grave
1294 2458 1651 2525 servitium.
1704 2460 1963 2543 incepta
2001 2481 2148 2523 mea
2182 2463 2436 2543 postre-

417 2570 561 2612 mus
623 2570 954 2613 servorum
1006 2546 1364 2612 Archelaus
1430 2548 1716 2612 exercitu
1768 2547 2027 2630 prodito
2095 2547 2436 2631 inpedivit.

417 2635 662 2718 illique,
707 2656 870 2717 quos
915 2634 1177 2719 ignavia
1223 2638 1337 2698 aut
1381 2656 1582 2718 prava
1627 2635 1968 2718 calliditas,
2013 2638 2088 2698 ut
2133 2635 2297 2699 meis
2344 2636 2434 2700 la-

417 2722 686 2786 boribus
722 2721 855 2785 tuti
892 2724 1128 2803 essent,
1164 2722 1364 2787 armis
1403 2723 1737 2806 abstinuit,
1775 2721 2245 2787 acerbissumas
2281 2746 2436 2807 poe-

415 2831 533 2873 nas
589 2808 877 2891 solvunt,
939 2807 1354 2874 Ptolemaeus
1407 2811 1620 2894 pretio
1674 2811 1745 2874 in
1798 2809 1934 2875 dies
1993 2810 2238 2875 bellum
2285 2832 2437 2894 pro·

416 2897 657 2997 latans,
718 2894 1060 2961 Cretenses
1115 2896 1460 2982 inpugnati
1524 2898 1722 2962 semel
1786 2898 1918 2962 iam
1969 2919 2176 2981 neque
2232 2898 2437 2962 finem

415 2984 546 3049 nisi
591 2983 838 3047 excidio
885 2983 1194 3048 habituri.
1259 2986 1558 3068 equidem
1604 3008 1750 3053 cum
1795 2985 1958 3049 mihi
2004 2986 2088 3050 ob
2134 2986 2436 3070 ipsorum

415 3073 673 3136 interna
718 3071 892 3135 mala
935 3071 1139 3136 dilata
1182 3073 1431 3155 proelia
1475 3073 1684 3158 magis
1723 3094 1917 3156 quam
1952 3094 2180 3156 pacem
2207 3074 2435 3138 datam

415 3159 891 3244 intellegerem,
952 3160 1274 3224 abnuente
1318 3160 1626 3245 Tigrane,
1691 3161 1802 3244 qui
1857 3182 2000 3224 mea
2052 3160 2230 3224 dicta
2284 3183 2433 3226 sero

414 3248 677 3332 probat,
750 3250 817 3311 te
880 3251 1132 3312 remoto
1195 3248 1450 3333 procul,
1523 3248 1824 3315 omnibus
1897 3231 2042 3312 aliis
2113 3249 2436 3334 0110011110,
2516 3309 2521 3314 .
2610 3259 2611 3270 ’

416 3356 639 3399 11110110
686 3339 906 3399 101000
950 3336 1196 3400 bellum
1242 3336 1444 3419 coepi,
1487 3334 1908 3419 Marcumque
1955 3329 2248 3419 Cottam,
2303 3336 2435 3401 Ro-

375 3445 677 3489 manum
722 3425 966 3507 ducem,
1012 3423 1183 3506 apud
1212 3421 1621 3488 Calchedona
1657 3427 1834 3487 terra
1868 3421 2025 3506 fudi,
2070 3425 2238 3487 mari
2283 3425 2434 3489 exui

416 3510 619 3574 classe
663 3511 1137 3594 pulcherruma.
1210 3512 1383 3594 apud
1428 3509 1734 3594 Cyzicum
1779 3532 2017 3595 magno
2065 3533 2213 3576 cum
2257 3534 2434 3577 exer-
