<?xml version="1.0" encoding="UTF-8"?>
<!DOCTYPE html PUBLIC "-//W3C//DTD XHTML 1.0 Transitional//EN"
    "http://www.w3.org/TR/xhtml1/DTD/xhtml1-transitional.dtd">
<html xmlns="http://www.w3.org/1999/xhtml" xml:lang="en" lang="en">
 <head>
  <title>
</title>
<meta http-equiv="Content-Type" content="text/html;charset=utf-8" />
  <meta name='ocr-system' content='tesseract 3.04.00' />
  <meta name='ocr-capabilities' content='ocr_page ocr_carea ocr_par ocr_line ocrx_word'/>
</head>
<body>
  <div class='ocr_page' id='page_1' title='image "./catilinaiugurth00eussgoog_0022.png"; bbox 0 0 2650 4059; ppageno 0'>
   <div class='ocr_carea' id='block_1_1' title="bbox 591 258 2229 320">
    <p class='ocr_par' dir='ltr' id='par_1_1' title="bbox 591 258 2229 320">
     <span class='ocr_line' id='line_1_1' title="bbox 591 258 2229 320; baseline 0.004 -7"><span class='ocrx_word' id='word_1_1' title='bbox 591 260 910 316; x_wconf 82' lang='lat' dir='ltr'><strong>SELEOTA</strong></span> <span class='ocrx_word' id='word_1_2' title='bbox 943 258 1299 316; x_wconf 79' lang='lat' dir='ltr'><strong>VETERUM</strong></span> <span class='ocrx_word' id='word_1_3' title='bbox 1334 262 1797 320; x_wconf 79' lang='lat' dir='ltr'><strong>TESTIMONIA.</strong></span> <span class='ocrx_word' id='word_1_4' title='bbox 2099 266 2229 319; x_wconf 86' lang='lat' dir='ltr'><strong>XIX</strong></span> 
     </span>
    </p>
   </div>
   <div class='ocr_carea' id='block_1_2' title="bbox 193 411 2225 560">
    <p class='ocr_par' dir='ltr' id='par_1_2' title="bbox 193 411 2225 560">
     <span class='ocr_line' id='line_1_2' title="bbox 193 411 2225 491; baseline 0.002 -22"><span class='ocrx_word' id='word_1_5' title='bbox 193 411 564 469; x_wconf 89' lang='lat' dir='ltr'><strong>sententiam</strong></span> <span class='ocrx_word' id='word_1_6' title='bbox 594 419 658 469; x_wconf 91' lang='lat' dir='ltr'><strong>et</strong></span> <span class='ocrx_word' id='word_1_7' title='bbox 691 415 1004 488; x_wconf 80' lang='lat' dir='ltr'><strong>tamquam</strong></span> <span class='ocrx_word' id='word_1_8' title='bbox 1039 411 1401 471; x_wconf 71' lang='lat' dir='ltr'><strong>translatam</strong></span> <span class='ocrx_word' id='word_1_9' title='bbox 1438 416 1501 472; x_wconf 92' lang='lat' dir='ltr'><strong>et</strong></span> <span class='ocrx_word' id='word_1_10' title='bbox 1534 416 1851 491; x_wconf 77' lang='lat' dir='ltr'><strong>tamquam</strong></span> <span class='ocrx_word' id='word_1_11' title='bbox 1878 418 2225 490; x_wconf 73' lang='lat' dir='ltr'><strong>corruptam</strong></span> 
     </span>
     <span class='ocr_line' id='line_1_3' title="bbox 193 495 2098 560; baseline 0.003 -4"><span class='ocrx_word' id='word_1_12' title='bbox 193 497 345 557; x_wconf 90' lang='lat' dir='ltr'><strong>dum</strong></span> <span class='ocrx_word' id='word_1_13' title='bbox 390 498 761 557; x_wconf 84' lang='lat' dir='ltr'><strong>transfertur</strong></span> <span class='ocrx_word' id='word_1_14' title='bbox 805 499 1068 558; x_wconf 88' lang='lat' dir='ltr'><strong>obiceret</strong></span> <span class='ocrx_word' id='word_1_15' title='bbox 1114 498 1425 560; x_wconf 83' lang='lat' dir='ltr'><strong>Sallustio.</strong></span> <span class='ocrx_word' id='word_1_16' title='bbox 2094 495 2098 502; x_wconf 67' lang='grc'>’</span> 
     </span>
    </p>
   </div>
   <div class='ocr_carea' id='block_1_3' title="bbox 194 637 2225 893">
    <p class='ocr_par' dir='ltr' id='par_1_3' title="bbox 194 637 2225 893">
     <span class='ocr_line' id='line_1_4' title="bbox 332 637 1786 715; baseline 0.003 -19"><span class='ocrx_word' id='word_1_17' title='bbox 332 639 537 697; x_wconf 72' lang='lat' dir='ltr'><strong>From.</strong></span> <span class='ocrx_word' id='word_1_18' title='bbox 574 656 657 711; x_wconf 79' lang='lat' dir='ltr'><strong>ep.</strong></span> <span class='ocrx_word' id='word_1_19' title='bbox 696 640 776 697; x_wconf 80' lang='lat' dir='ltr'><strong>ad</strong></span> <span class='ocrx_word' id='word_1_20' title='bbox 800 640 890 698; x_wconf 81' lang='lat' dir='ltr'><strong>M.</strong></span> <span class='ocrx_word' id='word_1_21' title='bbox 921 637 1085 699; x_wconf 75' lang='lat' dir='ltr'><strong>Caes.</strong></span> <span class='ocrx_word' id='word_1_22' title='bbox 1120 641 1243 699; x_wconf 89' lang='lat' dir='ltr'><strong>III</strong></span> <span class='ocrx_word' id='word_1_23' title='bbox 1275 643 1353 698; x_wconf 86' lang='lat'><strong>11</strong></span> <span class='ocrx_word' id='word_1_24' title='bbox 1382 660 1446 715; x_wconf 77' lang='lat' dir='ltr'><strong>p.</strong></span> <span class='ocrx_word' id='word_1_25' title='bbox 1477 643 1556 700; x_wconf 83' lang='grc'><strong>48</strong></span> <span class='ocrx_word' id='word_1_26' title='bbox 1599 642 1786 702; x_wconf 84' lang='lat' dir='ltr'><strong>Nab..·</strong></span> 
     </span>
     <span class='ocr_line' id='line_1_5' title="bbox 335 727 2225 807; baseline 0.002 -22"><span class='ocrx_word' id='word_1_27' title='bbox 335 771 349 785; x_wconf 92' lang='lat'><strong>.</strong></span> <span class='ocrx_word' id='word_1_28' title='bbox 373 770 387 785; x_wconf 92' lang='lat'><strong>.</strong></span> <span class='ocrx_word' id='word_1_29' title='bbox 413 744 663 803; x_wconf 86' lang='lat' dir='ltr'><strong>gnomas</strong></span> <span class='ocrx_word' id='word_1_30' title='bbox 693 727 936 803; x_wconf 85' lang='lat' dir='ltr'><strong>egregie</strong></span> <span class='ocrx_word' id='word_1_31' title='bbox 964 729 1333 805; x_wconf 80' lang='lat' dir='ltr'><strong>convertisti,</strong></span> <span class='ocrx_word' id='word_1_32' title='bbox 1366 729 1519 788; x_wconf 90' lang='lat' dir='ltr'><strong>hanc</strong></span> <span class='ocrx_word' id='word_1_33' title='bbox 1548 729 1809 807; x_wconf 85' lang='lat' dir='ltr'><strong>quidem,</strong></span> <span class='ocrx_word' id='word_1_34' title='bbox 1839 749 2021 807; x_wconf 89' lang='lat' dir='ltr'><strong>quam</strong></span> <span class='ocrx_word' id='word_1_35' title='bbox 2047 729 2225 789; x_wconf 84' lang='lat' dir='ltr'><strong>hodie</strong></span> 
     </span>
     <span class='ocr_line' id='line_1_6' title="bbox 194 814 2210 893; baseline 0.002 -21"><span class='ocrx_word' id='word_1_36' title='bbox 194 814 434 891; x_wconf 89' lang='lat' dir='ltr'><strong>accepi,</strong></span> <span class='ocrx_word' id='word_1_37' title='bbox 486 832 676 890; x_wconf 90' lang='lat' dir='ltr'><strong>prope</strong></span> <span class='ocrx_word' id='word_1_38' title='bbox 727 815 1019 893; x_wconf 88' lang='lat' dir='ltr'><strong>perfecte,</strong></span> <span class='ocrx_word' id='word_1_39' title='bbox 1073 820 1147 875; x_wconf 92' lang='lat' dir='ltr'><strong>ut</strong></span> <span class='ocrx_word' id='word_1_40' title='bbox 1194 817 1339 893; x_wconf 91' lang='lat' dir='ltr'><strong>poni</strong></span> <span class='ocrx_word' id='word_1_41' title='bbox 1382 817 1446 875; x_wconf 89' lang='lat' dir='ltr'><strong>in</strong></span> <span class='ocrx_word' id='word_1_42' title='bbox 1490 816 1646 876; x_wconf 90' lang='lat' dir='ltr'><strong>libro</strong></span> <span class='ocrx_word' id='word_1_43' title='bbox 1694 817 1973 878; x_wconf 85' lang='lat' dir='ltr'><strong>Sallustii</strong></span> <span class='ocrx_word' id='word_1_44' title='bbox 2015 818 2210 893; x_wconf 87' lang='lat' dir='ltr'><strong>possit</strong></span> 
     </span>
    </p>
   </div>
   <div class='ocr_carea' id='block_1_4' title="bbox 194 955 2223 1332">
    <p class='ocr_par' dir='ltr' id='par_1_4' title="bbox 194 955 2223 1332">
     <span class='ocr_line' id='line_1_7' title="bbox 194 955 2223 1103; baseline 0 -88"><span class='ocrx_word' id='word_1_45' title='bbox 194 1046 237 1103; x_wconf 78' lang='lat' dir='ltr'><em>d</em></span> <span class='ocrx_word' id='word_1_46' title='bbox 344 955 512 1015; x_wconf 79' lang='lat' dir='ltr'><strong>Vell.</strong></span> <span class='ocrx_word' id='word_1_47' title='bbox 554 955 657 1014; x_wconf 86' lang='lat' dir='ltr'><strong>Pa</strong></span> <span class='ocrx_word' id='word_1_48' title='bbox 667 959 705 1015; x_wconf 83' lang='lat' dir='ltr'><strong>t.</strong></span> <span class='ocrx_word' id='word_1_49' title='bbox 749 956 838 1014; x_wconf 89' lang='lat' dir='ltr'><strong>II</strong></span> <span class='ocrx_word' id='word_1_50' title='bbox 874 956 974 1029; x_wconf 88' lang='grc'><strong>36,</strong></span> <span class='ocrx_word' id='word_1_51' title='bbox 1009 959 1055 1017; x_wconf 78' lang='lat'><em>2</em></span> <span class='ocrx_word' id='word_1_52' title='bbox 1100 957 1406 1016; x_wconf 86' lang='lat' dir='ltr'><strong>aemulum</strong></span> <span class='ocrx_word' id='word_1_53' title='bbox 1452 957 1817 1034; x_wconf 78' lang='lat' dir='ltr'><strong>Thucydidis</strong></span> <span class='ocrx_word' id='word_1_54' title='bbox 1865 957 2223 1017; x_wconf 79' lang='lat' dir='ltr'><strong>Sallustium</strong></span> 
     </span>
     <span class='ocr_line' id='line_1_8' title="bbox 334 1165 1278 1240; baseline -0.001 -15"><span class='ocrx_word' id='word_1_55' title='bbox 334 1166 560 1240; x_wconf 72' lang='lat' dir='ltr'><strong>Quint.</strong></span> <span class='ocrx_word' id='word_1_56' title='bbox 607 1169 740 1226; x_wconf 76' lang='lat' dir='ltr'><strong>inst.</strong></span> <span class='ocrx_word' id='word_1_57' title='bbox 787 1184 870 1226; x_wconf 91' lang='lat' dir='ltr'><strong>or.</strong></span> <span class='ocrx_word' id='word_1_58' title='bbox 921 1165 986 1224; x_wconf 88' lang='lat' dir='ltr'>X</span> <span class='ocrx_word' id='word_1_59' title='bbox 1027 1169 1083 1231; x_wconf 86' lang='lat'><strong>1,</strong></span> <span class='ocrx_word' id='word_1_60' title='bbox 1131 1169 1278 1225; x_wconf 83' lang='lat'><strong><em>101.-</em></strong></span> 
     </span>
     <span class='ocr_line' id='line_1_9' title="bbox 197 1253 1831 1332; baseline 0.001 -19"><span class='ocrx_word' id='word_1_61' title='bbox 197 1297 212 1313; x_wconf 91' lang='lat'><strong>.</strong></span> <span class='ocrx_word' id='word_1_62' title='bbox 252 1299 266 1312; x_wconf 89' lang='lat'><strong>.</strong></span> <span class='ocrx_word' id='word_1_63' title='bbox 302 1273 416 1313; x_wconf 91' lang='lat' dir='ltr'><strong>nec</strong></span> <span class='ocrx_word' id='word_1_64' title='bbox 461 1273 762 1332; x_wconf 88' lang='lat' dir='ltr'><strong>opponere</strong></span> <span class='ocrx_word' id='word_1_65' title='bbox 810 1254 1153 1331; x_wconf 78' lang='lat' dir='ltr'><strong>Thucydidi</strong></span> <span class='ocrx_word' id='word_1_66' title='bbox 1200 1253 1561 1314; x_wconf 85' lang='lat' dir='ltr'><strong>Sallustium</strong></span> <span class='ocrx_word' id='word_1_67' title='bbox 1606 1275 1831 1317; x_wconf 87' lang='lat' dir='ltr'><strong>verear.</strong></span> 
     </span>
    </p>
   </div>
   <div class='ocr_carea' id='block_1_5' title="bbox 197 1395 1985 1561">
    <p class='ocr_par' dir='ltr' id='par_1_5' title="bbox 197 1395 1985 1561">
     <span class='ocr_line' id='line_1_10' title="bbox 197 1395 1985 1561; baseline 0.001 -19"><span class='ocrx_word' id='word_1_68' title='bbox 197 1502 273 1542; x_wconf 82' lang='lat' dir='ltr'><strong>ex</strong></span> <span class='ocrx_word' id='word_1_69' title='bbox 317 1395 1069 1561; x_wconf 48' lang='lat' dir='ltr'><strong>gegoxviiolzranslata</strong></span> <span class='ocrx_word' id='word_1_70' title='bbox 1113 1483 1213 1543; x_wconf 93' lang='lat' dir='ltr'><strong>vel</strong></span> <span class='ocrx_word' id='word_1_71' title='bbox 1260 1482 1518 1543; x_wconf 79' lang='lat' dir='ltr'><strong>Sallusti</strong></span> <span class='ocrx_word' id='word_1_72' title='bbox 1562 1483 1827 1560; x_wconf 90' lang='lat' dir='ltr'><strong>plurima</strong></span> <span class='ocrx_word' id='word_1_73' title='bbox 1864 1529 1879 1543; x_wconf 91' lang='lat'><strong>.</strong></span> <span class='ocrx_word' id='word_1_74' title='bbox 1917 1530 1932 1544; x_wconf 91' lang='lat'><strong>.</strong></span> <span class='ocrx_word' id='word_1_75' title='bbox 1970 1528 1985 1544; x_wconf 91' lang='lat'><strong>.</strong></span> 
     </span>
    </p>
   </div>
   <div class='ocr_carea' id='block_1_6' title="bbox 196 1623 2221 1964">
    <p class='ocr_par' dir='ltr' id='par_1_6' title="bbox 196 1623 2221 1964">
     <span class='ocr_line' id='line_1_11' title="bbox 197 1623 2221 1791; baseline 0 -20"><span class='ocrx_word' id='word_1_76' title='bbox 197 1677 214 1771; x_wconf 55' lang='lat'><strong>&#39;.</strong></span> <span class='ocrx_word' id='word_1_77' title='bbox 253 1758 268 1771; x_wconf 88' lang='lat'><strong>.</strong></span> <span class='ocrx_word' id='word_1_78' title='bbox 305 1624 460 1788; x_wconf 48' lang='lat' dir='ltr'><strong>qliizos</strong></span> <span class='ocrx_word' id='word_1_79' title='bbox 470 1623 862 1791; x_wconf 40' lang='lat' dir='ltr'><strong>IgIgocgraffem</strong></span> <span class='ocrx_word' id='word_1_80' title='bbox 911 1714 971 1769; x_wconf 93' lang='lat' dir='ltr'><strong>et</strong></span> <span class='ocrx_word' id='word_1_81' title='bbox 1007 1703 1322 1791; x_wconf 82' lang='lat' dir='ltr'><strong>Gorgiam)</strong></span> <span class='ocrx_word' id='word_1_82' title='bbox 1371 1714 1615 1770; x_wconf 88' lang='lat' dir='ltr'><strong>secutus</strong></span> <span class='ocrx_word' id='word_1_83' title='bbox 1661 1712 1943 1773; x_wconf 89' lang='lat' dir='ltr'><strong>videlicet</strong></span> <span class='ocrx_word' id='word_1_84' title='bbox 1989 1711 2052 1772; x_wconf 82' lang='lat' dir='ltr'><strong>O.</strong></span> <span class='ocrx_word' id='word_1_85' title='bbox 2092 1713 2221 1773; x_wconf 86' lang='lat' dir='ltr'><strong>Sal-</strong></span> 
     </span>
     <span class='ocr_line' id='line_1_12' title="bbox 196 1797 2221 1876; baseline 0.001 -17"><span class='ocrx_word' id='word_1_86' title='bbox 196 1800 424 1859; x_wconf 85' lang='lat' dir='ltr'><strong>lustius</strong></span> <span class='ocrx_word' id='word_1_87' title='bbox 474 1798 540 1857; x_wconf 93' lang='lat' dir='ltr'><strong>in</strong></span> <span class='ocrx_word' id='word_1_88' title='bbox 592 1798 754 1857; x_wconf 88' lang='lat' dir='ltr'><strong>bello</strong></span> <span class='ocrx_word' id='word_1_89' title='bbox 807 1798 1169 1876; x_wconf 80' lang='lat' dir='ltr'><strong>Iugurthino</strong></span> <span class='ocrx_word' id='word_1_90' title='bbox 1225 1801 1288 1857; x_wconf 87' lang='lat' dir='ltr'><strong>et</strong></span> <span class='ocrx_word' id='word_1_91' title='bbox 1342 1797 1639 1858; x_wconf 88' lang='lat' dir='ltr'><strong>Catilinae</strong></span> <span class='ocrx_word' id='word_1_92' title='bbox 1693 1800 1847 1858; x_wconf 89' lang='lat' dir='ltr'><strong>nihil</strong></span> <span class='ocrx_word' id='word_1_93' title='bbox 1904 1801 1981 1860; x_wconf 90' lang='lat' dir='ltr'><strong>ad</strong></span> <span class='ocrx_word' id='word_1_94' title='bbox 2033 1801 2221 1861; x_wconf 83' lang='lat' dir='ltr'><strong>histo-</strong></span> 
     </span>
     <span class='ocr_line' id='line_1_13' title="bbox 200 1885 1567 1964; baseline -0.002 -16"><span class='ocrx_word' id='word_1_95' title='bbox 200 1888 354 1949; x_wconf 83' lang='lat' dir='ltr'><strong>riam</strong></span> <span class='ocrx_word' id='word_1_96' title='bbox 397 1886 838 1964; x_wconf 88' lang='lat' dir='ltr'><strong>pertinentibus</strong></span> <span class='ocrx_word' id='word_1_97' title='bbox 880 1885 1194 1963; x_wconf 85' lang='lat' dir='ltr'><strong>principiis</strong></span> <span class='ocrx_word' id='word_1_98' title='bbox 1241 1904 1413 1945; x_wconf 86' lang='lat' dir='ltr'><strong>orsus</strong></span> <span class='ocrx_word' id='word_1_99' title='bbox 1460 1889 1567 1945; x_wconf 87' lang='lat' dir='ltr'><strong>est.</strong></span> 
     </span>
    </p>
   </div>
   <div class='ocr_carea' id='block_1_7' title="bbox 199 2027 2290 2282">
    <p class='ocr_par' dir='ltr' id='par_1_7' title="bbox 199 2027 2290 2282">
     <span class='ocr_line' id='line_1_14' title="bbox 201 2027 2290 2198; baseline 0 -22"><span class='ocrx_word' id='word_1_100' title='bbox 201 2027 925 2198; x_wconf 45' lang='lat' dir='ltr'><strong>(Sallgstilulsf’hifforiae</strong></span> <span class='ocrx_word' id='word_1_101' title='bbox 961 2115 1155 2175; x_wconf 90' lang='lat' dir='ltr'><strong>maior</strong></span> <span class='ocrx_word' id='word_1_102' title='bbox 1191 2118 1285 2198; x_wconf 82' lang='lat' dir='ltr'><strong>est</strong></span> <span class='ocrx_word' id='word_1_103' title='bbox 1321 2118 1536 2176; x_wconf 82' lang='lat' dir='ltr'><strong>auctor</strong></span> <span class='ocrx_word' id='word_1_104' title='bbox 1579 2114 1623 2191; x_wconf 96' lang='lat'><em>[</em></span> <span class='ocrx_word' id='word_1_105' title='bbox 1615 2134 1792 2189; x_wconf 77' lang='lat' dir='ltr'><strong>quam</strong></span> <span class='ocrx_word' id='word_1_106' title='bbox 1834 2114 2096 2195; x_wconf 72' lang='lat' dir='ltr'><strong>Livius],</strong></span> <span class='ocrx_word' id='word_1_107' title='bbox 2143 2119 2220 2177; x_wconf 90' lang='lat' dir='ltr'><strong>ad</strong></span> <span class='ocrx_word' id='word_1_108' title='bbox 2287 2124 2290 2127; x_wconf 53' lang='lat'><strong>⁴</strong></span> 
     </span>
     <span class='ocr_line' id='line_1_15' title="bbox 199 2203 1980 2282; baseline 0.001 -19"><span class='ocrx_word' id='word_1_109' title='bbox 199 2224 382 2282; x_wconf 93' lang='lat' dir='ltr'><strong>quem</strong></span> <span class='ocrx_word' id='word_1_110' title='bbox 425 2207 632 2264; x_wconf 89' lang='lat' dir='ltr'><strong>tamen</strong></span> <span class='ocrx_word' id='word_1_111' title='bbox 674 2203 1149 2281; x_wconf 86' lang='lat' dir='ltr'><strong>intellegendum</strong></span> <span class='ocrx_word' id='word_1_112' title='bbox 1193 2203 1317 2262; x_wconf 89' lang='lat' dir='ltr'><strong>iam</strong></span> <span class='ocrx_word' id='word_1_113' title='bbox 1360 2204 1641 2280; x_wconf 87' lang='lat' dir='ltr'><strong>profectu</strong></span> <span class='ocrx_word' id='word_1_114' title='bbox 1686 2222 1837 2280; x_wconf 86' lang='lat' dir='ltr'><strong>opus</strong></span> <span class='ocrx_word' id='word_1_115' title='bbox 1883 2205 1980 2264; x_wconf 85' lang='lat' dir='ltr'><strong>sit.</strong></span> 
     </span>
    </p>
   </div>
   <div class='ocr_carea' id='block_1_8' title="bbox 198 2343 2218 2773">
    <p class='ocr_par' dir='ltr' id='par_1_8' title="bbox 198 2343 2218 2773">
     <span class='ocr_line' id='line_1_16' title="bbox 332 2343 883 2418; baseline -0.004 -15"><span class='ocrx_word' id='word_1_116' title='bbox 332 2345 422 2404; x_wconf 73' lang='lat' dir='ltr'><strong>id.</strong></span> <span class='ocrx_word' id='word_1_117' title='bbox 472 2343 537 2402; x_wconf 88' lang='lat' dir='ltr'>X</span> <span class='ocrx_word' id='word_1_118' title='bbox 578 2346 637 2411; x_wconf 86' lang='lat'><strong>3,</strong></span> <span class='ocrx_word' id='word_1_119' title='bbox 683 2347 725 2403; x_wconf 83' lang='lat'><em>7</em></span> <span class='ocrx_word' id='word_1_120' title='bbox 769 2363 883 2418; x_wconf 82' lang='lat' dir='ltr'><strong>sq..-</strong></span> 
     </span>
     <span class='ocr_line' id='line_1_17' title="bbox 200 2430 2218 2508; baseline 0 -17"><span class='ocrx_word' id='word_1_121' title='bbox 200 2433 404 2492; x_wconf 89' lang='lat' dir='ltr'><strong>omnia</strong></span> <span class='ocrx_word' id='word_1_122' title='bbox 450 2430 610 2490; x_wconf 84' lang='lat' dir='ltr'><strong>enim</strong></span> <span class='ocrx_word' id='word_1_123' title='bbox 654 2435 888 2507; x_wconf 85' lang='lat' dir='ltr'><strong>nostra,</strong></span> <span class='ocrx_word' id='word_1_124' title='bbox 933 2432 1078 2491; x_wconf 86' lang='lat' dir='ltr'><strong>dum</strong></span> <span class='ocrx_word' id='word_1_125' title='bbox 1120 2434 1478 2508; x_wconf 89' lang='lat' dir='ltr'><strong>nascuntur,</strong></span> <span class='ocrx_word' id='word_1_126' title='bbox 1522 2431 1790 2508; x_wconf 84' lang='lat' dir='ltr'><strong>placent:</strong></span> <span class='ocrx_word' id='word_1_127' title='bbox 1837 2432 2067 2508; x_wconf 88' lang='lat' dir='ltr'><strong>alioqui</strong></span> <span class='ocrx_word' id='word_1_128' title='bbox 2110 2452 2218 2492; x_wconf 90' lang='lat' dir='ltr'><strong>nec</strong></span> 
     </span>
     <span class='ocr_line' id='line_1_18' title="bbox 199 2519 2218 2581; baseline 0 -1"><span class='ocrx_word' id='word_1_129' title='bbox 199 2520 619 2581; x_wconf 86' lang='lat' dir='ltr'><strong>scriberentur.</strong></span> <span class='ocrx_word' id='word_1_130' title='bbox 709 2520 816 2578; x_wconf 86' lang='lat' dir='ltr'><strong>sed</strong></span> <span class='ocrx_word' id='word_1_131' title='bbox 867 2520 1181 2578; x_wconf 87' lang='lat' dir='ltr'><strong>redeamus</strong></span> <span class='ocrx_word' id='word_1_132' title='bbox 1235 2519 1313 2577; x_wconf 89' lang='lat' dir='ltr'><strong>ad</strong></span> <span class='ocrx_word' id='word_1_133' title='bbox 1367 2519 1659 2578; x_wconf 89' lang='lat' dir='ltr'><strong>iudicium</strong></span> <span class='ocrx_word' id='word_1_134' title='bbox 1715 2521 1779 2578; x_wconf 90' lang='lat' dir='ltr'><strong>et</strong></span> <span class='ocrx_word' id='word_1_135' title='bbox 1821 2522 2218 2580; x_wconf 84' lang='lat' dir='ltr'><strong>retractemus</strong></span> 
     </span>
     <span class='ocr_line' id='line_1_19' title="bbox 198 2606 2217 2686; baseline 0 -18"><span class='ocrx_word' id='word_1_136' title='bbox 198 2611 543 2686; x_wconf 84' lang='lat' dir='ltr'><strong>suspectam</strong></span> <span class='ocrx_word' id='word_1_137' title='bbox 596 2607 971 2667; x_wconf 84' lang='lat' dir='ltr'><strong>facilitatem.</strong></span> <span class='ocrx_word' id='word_1_138' title='bbox 1069 2607 1156 2667; x_wconf 90' lang='lat' dir='ltr'><strong>sic</strong></span> <span class='ocrx_word' id='word_1_139' title='bbox 1210 2607 1518 2682; x_wconf 86' lang='lat' dir='ltr'><strong>scripsisse</strong></span> <span class='ocrx_word' id='word_1_140' title='bbox 1577 2606 1934 2667; x_wconf 86' lang='lat' dir='ltr'><strong>Sallustium</strong></span> <span class='ocrx_word' id='word_1_141' title='bbox 1990 2609 2217 2685; x_wconf 88' lang='lat' dir='ltr'><strong>accepi—</strong></span> 
     </span>
     <span class='ocr_line' id='line_1_20' title="bbox 198 2695 2173 2773; baseline 0 -17"><span class='ocrx_word' id='word_1_142' title='bbox 198 2714 352 2773; x_wconf 89' lang='lat' dir='ltr'><strong>mus,</strong></span> <span class='ocrx_word' id='word_1_143' title='bbox 399 2698 464 2755; x_wconf 92' lang='lat' dir='ltr'><strong>et</strong></span> <span class='ocrx_word' id='word_1_144' title='bbox 507 2714 650 2754; x_wconf 86' lang='lat' dir='ltr'><strong>sane</strong></span> <span class='ocrx_word' id='word_1_145' title='bbox 692 2695 1050 2755; x_wconf 83' lang='lat' dir='ltr'><strong>manifestus</strong></span> <span class='ocrx_word' id='word_1_146' title='bbox 1098 2698 1190 2754; x_wconf 86' lang='lat' dir='ltr'><strong>est</strong></span> <span class='ocrx_word' id='word_1_147' title='bbox 1234 2695 1421 2755; x_wconf 91' lang='lat' dir='ltr'><strong>etiam</strong></span> <span class='ocrx_word' id='word_1_148' title='bbox 1468 2714 1541 2755; x_wconf 83' lang='lat' dir='ltr'><strong>ex</strong></span> <span class='ocrx_word' id='word_1_149' title='bbox 1585 2714 1765 2771; x_wconf 89' lang='lat' dir='ltr'><strong>opere</strong></span> <span class='ocrx_word' id='word_1_150' title='bbox 1810 2695 1940 2771; x_wconf 93' lang='lat' dir='ltr'><strong>ipso</strong></span> <span class='ocrx_word' id='word_1_151' title='bbox 1985 2697 2173 2757; x_wconf 87' lang='lat' dir='ltr'><strong>labor.</strong></span> 
     </span>
    </p>
   </div>
   <div class='ocr_carea' id='block_1_9' title="bbox 197 2835 2215 3175">
    <p class='ocr_par' dir='ltr' id='par_1_9' title="bbox 197 2835 2215 3175">
     <span class='ocr_line' id='line_1_21' title="bbox 203 2835 2214 3002; baseline 0 -18"><span class='ocrx_word' id='word_1_152' title='bbox 203 2971 216 2984; x_wconf 87' lang='lat'><strong>.</strong></span> <span class='ocrx_word' id='word_1_153' title='bbox 235 2971 249 2985; x_wconf 91' lang='lat'><strong>.</strong></span> <span class='ocrx_word' id='word_1_154' title='bbox 287 2838 453 3001; x_wconf 50' lang='lat' dir='ltr'><strong>apid</strong></span> <span class='ocrx_word' id='word_1_155' title='bbox 466 2835 837 2984; x_wconf 44' lang='lat' dir='ltr'><strong>ISffllgstizffn</strong></span> <span class='ocrx_word' id='word_1_156' title='bbox 876 2918 1090 3002; x_wconf 81' lang='lat' dir='ltr'><strong>‘neque</strong></span> <span class='ocrx_word' id='word_1_157' title='bbox 1135 2942 1207 2982; x_wconf 91' lang='lat' dir='ltr'><strong>ea</strong></span> <span class='ocrx_word' id='word_1_158' title='bbox 1249 2942 1346 2983; x_wconf 88' lang='lat' dir='ltr'><strong>res</strong></span> <span class='ocrx_word' id='word_1_159' title='bbox 1381 2925 1605 2982; x_wconf 85' lang='lat' dir='ltr'><strong>falsum</strong></span> <span class='ocrx_word' id='word_1_160' title='bbox 1641 2943 1737 2982; x_wconf 92' lang='lat' dir='ltr'><strong>me</strong></span> <span class='ocrx_word' id='word_1_161' title='bbox 1772 2918 2011 3000; x_wconf 80' lang='lat' dir='ltr'><strong>habuit’</strong></span> <span class='ocrx_word' id='word_1_162' title='bbox 2049 2923 2214 3000; x_wconf 73' lang='lat' dir='ltr'><strong><em>[Iuy.</em></strong></span> 
     </span>
     <span class='ocr_line' id='line_1_22' title="bbox 199 3005 2215 3089; baseline 0 -18"><span class='ocrx_word' id='word_1_163' title='bbox 199 3016 295 3080; x_wconf 87' lang='lat'><strong>10,</strong></span> <span class='ocrx_word' id='word_1_164' title='bbox 334 3011 409 3088; x_wconf 89' lang='lat'><strong>1]</strong></span> <span class='ocrx_word' id='word_1_165' title='bbox 455 3015 517 3072; x_wconf 92' lang='lat' dir='ltr'><strong>et</strong></span> <span class='ocrx_word' id='word_1_166' title='bbox 561 3006 725 3070; x_wconf 70' lang='lat' dir='ltr'><strong>‘duci</strong></span> <span class='ocrx_word' id='word_1_167' title='bbox 767 3005 1045 3088; x_wconf 88' lang='lat' dir='ltr'><strong>probare&#39;</strong></span> <span class='ocrx_word' id='word_1_168' title='bbox 1092 3009 1207 3086; x_wconf 74' lang='lat'><em>[?].</em></span> <span class='ocrx_word' id='word_1_169' title='bbox 1282 3031 1356 3070; x_wconf 83' lang='lat' dir='ltr'><strong>ex</strong></span> <span class='ocrx_word' id='word_1_170' title='bbox 1400 3011 1622 3089; x_wconf 89' lang='lat' dir='ltr'><strong>quibus</strong></span> <span class='ocrx_word' id='word_1_171' title='bbox 1667 3011 1793 3070; x_wconf 87' lang='lat' dir='ltr'><strong>fere</strong></span> <span class='ocrx_word' id='word_1_172' title='bbox 1833 3014 2077 3087; x_wconf 88' lang='lat' dir='ltr'><strong>praeter</strong></span> <span class='ocrx_word' id='word_1_173' title='bbox 2110 3033 2215 3072; x_wconf 92' lang='lat' dir='ltr'><strong>no-</strong></span> 
     </span>
     <span class='ocr_line' id='line_1_23' title="bbox 197 3099 1383 3175; baseline -0.004 -13"><span class='ocrx_word' id='word_1_174' title='bbox 197 3101 456 3162; x_wconf 91' lang='lat' dir='ltr'><strong>vitatem</strong></span> <span class='ocrx_word' id='word_1_175' title='bbox 497 3099 765 3161; x_wconf 84' lang='lat' dir='ltr'><strong>brevitas</strong></span> <span class='ocrx_word' id='word_1_176' title='bbox 812 3100 995 3159; x_wconf 89' lang='lat' dir='ltr'><strong>etiam</strong></span> <span class='ocrx_word' id='word_1_177' title='bbox 1037 3099 1168 3175; x_wconf 89' lang='lat' dir='ltr'><strong>peti</strong></span> <span class='ocrx_word' id='word_1_178' title='bbox 1213 3100 1383 3160; x_wconf 87' lang='lat' dir='ltr'><strong>solet.</strong></span> 
     </span>
    </p>
   </div>
   <div class='ocr_carea' id='block_1_10' title="bbox 195 3223 2214 3721">
    <p class='ocr_par' dir='ltr' id='par_1_10' title="bbox 195 3223 2214 3721">
     <span class='ocr_line' id='line_1_24' title="bbox 331 3223 836 3289; baseline -0.006 -6"><span class='ocrx_word' id='word_1_179' title='bbox 331 3226 423 3285; x_wconf 74' lang='lat' dir='ltr'><strong>id.</strong></span> <span class='ocrx_word' id='word_1_180' title='bbox 467 3224 575 3284; x_wconf 91' lang='lat' dir='ltr'><strong>IV</strong></span> <span class='ocrx_word' id='word_1_181' title='bbox 614 3226 677 3289; x_wconf 79' lang='lat'><strong>2,</strong></span> <span class='ocrx_word' id='word_1_182' title='bbox 724 3223 805 3281; x_wconf 79' lang='lat'><strong>45</strong></span> <span class='ocrx_word' id='word_1_183' title='bbox 815 3243 836 3281; x_wconf 91' lang='lat'><strong>.·</strong></span> 
     </span>
     <span class='ocr_line' id='line_1_25' title="bbox 198 3301 2214 3387; baseline -0.001 -15"><span class='ocrx_word' id='word_1_184' title='bbox 198 3309 487 3387; x_wconf 82' lang='lat' dir='ltr'><strong>[oratori]</strong></span> <span class='ocrx_word' id='word_1_185' title='bbox 538 3310 788 3371; x_wconf 87' lang='lat' dir='ltr'><strong>vitanda</strong></span> <span class='ocrx_word' id='word_1_186' title='bbox 842 3315 937 3370; x_wconf 87' lang='lat' dir='ltr'><strong>est</strong></span> <span class='ocrx_word' id='word_1_187' title='bbox 989 3311 1174 3369; x_wconf 88' lang='lat' dir='ltr'><strong>etiam</strong></span> <span class='ocrx_word' id='word_1_188' title='bbox 1226 3311 1337 3369; x_wconf 82' lang='lat' dir='ltr'><strong>illa</strong></span> <span class='ocrx_word' id='word_1_189' title='bbox 1390 3308 1761 3369; x_wconf 85' lang='lat' dir='ltr'><strong>Sallustiana</strong></span> <span class='ocrx_word' id='word_1_190' title='bbox 1816 3301 2214 3387; x_wconf 84' lang='lat' dir='ltr'><strong>(quamquam</strong></span> 
     </span>
     <span class='ocr_line' id='line_1_26' title="bbox 196 3390 2206 3478; baseline -0.001 -20"><span class='ocrx_word' id='word_1_191' title='bbox 196 3400 263 3458; x_wconf 86' lang='lat' dir='ltr'><strong>in</strong></span> <span class='ocrx_word' id='word_1_192' title='bbox 295 3400 428 3476; x_wconf 85' lang='lat' dir='ltr'><strong>ipso</strong></span> <span class='ocrx_word' id='word_1_193' title='bbox 463 3398 711 3459; x_wconf 87' lang='lat' dir='ltr'><strong>virtutis</strong></span> <span class='ocrx_word' id='word_1_194' title='bbox 749 3399 984 3475; x_wconf 90' lang='lat' dir='ltr'><strong>optinet</strong></span> <span class='ocrx_word' id='word_1_195' title='bbox 1017 3390 1248 3478; x_wconf 88' lang='lat' dir='ltr'><strong>locum)</strong></span> <span class='ocrx_word' id='word_1_196' title='bbox 1293 3397 1561 3457; x_wconf 85' lang='lat' dir='ltr'><strong>brevitas</strong></span> <span class='ocrx_word' id='word_1_197' title='bbox 1609 3399 1672 3455; x_wconf 87' lang='lat' dir='ltr'><strong>et</strong></span> <span class='ocrx_word' id='word_1_198' title='bbox 1716 3396 2039 3473; x_wconf 90' lang='lat' dir='ltr'><strong>abruptum</strong></span> <span class='ocrx_word' id='word_1_199' title='bbox 2089 3415 2206 3456; x_wconf 88' lang='lat' dir='ltr'><strong>ser-</strong></span> 
     </span>
     <span class='ocr_line' id='line_1_27' title="bbox 198 3484 2211 3564; baseline -0.001 -18"><span class='ocrx_word' id='word_1_200' title='bbox 198 3488 390 3548; x_wconf 88' lang='lat' dir='ltr'><strong>monis</strong></span> <span class='ocrx_word' id='word_1_201' title='bbox 436 3504 650 3563; x_wconf 85' lang='lat' dir='ltr'><strong>genus:</strong></span> <span class='ocrx_word' id='word_1_202' title='bbox 710 3487 873 3564; x_wconf 91' lang='lat' dir='ltr'><strong>quod</strong></span> <span class='ocrx_word' id='word_1_203' title='bbox 917 3485 1180 3545; x_wconf 85' lang='lat' dir='ltr'><strong>otiosum</strong></span> <span class='ocrx_word' id='word_1_204' title='bbox 1222 3485 1479 3545; x_wconf 88' lang='lat' dir='ltr'><strong>fortasse</strong></span> <span class='ocrx_word' id='word_1_205' title='bbox 1524 3485 1810 3544; x_wconf 88' lang='lat' dir='ltr'><strong>lectorem</strong></span> <span class='ocrx_word' id='word_1_206' title='bbox 1855 3484 2053 3543; x_wconf 86' lang='lat' dir='ltr'><strong>minus</strong></span> <span class='ocrx_word' id='word_1_207' title='bbox 2098 3486 2211 3544; x_wconf 85' lang='lat' dir='ltr'><strong>fal-</strong></span> 
     </span>
     <span class='ocr_line' id='line_1_28' title="bbox 195 3573 2209 3656; baseline -0.002 -21"><span class='ocrx_word' id='word_1_208' title='bbox 195 3577 302 3656; x_wconf 86' lang='lat' dir='ltr'><strong>lat,</strong></span> <span class='ocrx_word' id='word_1_209' title='bbox 347 3574 694 3634; x_wconf 79' lang='lat' dir='ltr'><strong>audientem</strong></span> <span class='ocrx_word' id='word_1_210' title='bbox 736 3573 1101 3652; x_wconf 85' lang='lat' dir='ltr'><strong>transvolat,</strong></span> <span class='ocrx_word' id='word_1_211' title='bbox 1146 3592 1280 3652; x_wconf 88' lang='lat' dir='ltr'><strong>nec,</strong></span> <span class='ocrx_word' id='word_1_212' title='bbox 1327 3573 1475 3632; x_wconf 90' lang='lat' dir='ltr'><strong>dum</strong></span> <span class='ocrx_word' id='word_1_213' title='bbox 1518 3575 1857 3650; x_wconf 86' lang='lat' dir='ltr'><strong>repetatur,</strong></span> <span class='ocrx_word' id='word_1_214' title='bbox 1914 3576 2209 3650; x_wconf 82' lang='lat' dir='ltr'><strong>expectat,</strong></span> 
     </span>
     <span class='ocr_line' id='line_1_29' title="bbox 1707 3669 1786 3721; baseline 0 -18"><span class='ocrx_word' id='word_1_215' title='bbox 1707 3669 1786 3721; x_wconf 69' lang='lat' dir='ltr'><strong>b*</strong></span> 
     </span>
    </p>
   </div>
  </div>
 </body>
</html>
