2650 4059
402 210 489 274 56
1057 208 1115 263 Ο.
1155 207 1498 264 SALLUSTI
1536 206 1764 262 CRISPI

403 354 700 419 Africum
745 355 1104 439 agitabant,
1151 352 1413 418 Gaetuli
1459 353 1580 416 sub
1618 352 1752 417 sole
1790 353 2019 437 magis,
2063 351 2241 416 haud
2276 373 2424 436 pro·

405 442 508 506 cul
555 443 636 506 ab
667 439 1053 525 ardoribus),
1098 441 1283 525 eique
1331 444 1582 504 mature
1630 440 1868 524 oppida
1909 440 2222 524 habuere3
2265 461 2421 503 nam

404 529 574 594 freto
620 529 812 594 divisi
858 530 938 594 ab
978 528 1298 613 Hispania
1342 532 1594 592 mutare
1640 549 1743 591 res
1789 528 1962 592 inter
2006 550 2074 591 se
2119 528 2450 592 institue-.

27 649 195 742 Am.
304 634 368 680 10
405 621 569 682 rant.
658 639 896 682 nomen
941 639 1163 681 eorum
1207 616 1528 701 paulatim
1572 615 1811 699 Libyes
1859 637 2232 699 conrupere,
2275 616 2424 691 hag·

128 697 284 799 ssff
304 722 364 768 11
402 707 573 788 bara
617 704 843 790 lingua
886 704 1150 769 Mauros
1205 727 1323 787 pro
1380 703 1587 767 Medis
1644 704 2063 787 appellantes.
2156 704 2270 767 sed
2316 725 2421 767 res

405 793 751 857 Persarum
797 793 978 857 brevi
1024 793 1323 876 adolevit,
1378 813 1451 855 ac
1497 795 1726 874 postea
1769 792 2030 855 nomine
2075 790 2421 874 Numidae,

404 885 672 965 propter
717 881 1201 944 multitudinem
1247 903 1286 944 a
1320 879 1699 962 parentibus
1738 879 2030 965 digressi,
2074 880 2421 969 possedere

407 991 483 1033 ea
508 970 669 1051 loca,
698 990 861 1052 quae
887 990 1198 1052 proxume
1218 967 1682 1051 Carthaginem
1701 966 2009 1031 Numidia
2036 963 2421 1052 appellatur.

303 1074 369 1120 12
406 1056 633 1120 deinde
679 1056 939 1140 utrique
986 1056 1207 1119 alteris
1252 1055 1409 1119 freti
1454 1055 1787 1120 finitumos
1834 1055 2032 1119 armis
2080 1059 2194 1119 aut
2240 1059 2423 1119 metu

408 1145 528 1207 sub
574 1143 918 1227 imperium
965 1166 1154 1209 suum
1201 1164 1492 1228 coegere,
1544 1164 1782 1207 nomen
1836 1143 2245 1228 gloriamque
2294 1143 2422 1207 sibi

408 1231 723 1315 addidere,
767 1233 977 1317 magis
1005 1232 1091 1317 ei,
1138 1231 1249 1315 qui
1284 1232 1367 1295 ad
1400 1235 1700 1295 nostrum
1737 1253 1913 1295 mare
1950 1234 2424 1314 processerant,

409 1320 563 1404 quia
614 1318 853 1403 Libyes
910 1342 1103 1404 quam
1160 1318 1423 1384 Gaetuli
1477 1319 1690 1383 minus
1745 1319 2055 1383 bellicosi.
2144 1319 2426 1402 denique

407 1407 668 1473 Africae
720 1430 872 1493 pars
925 1408 1195 1472 inferior
1252 1407 1559 1491 pleraque
1614 1407 1696 1470 ab
1752 1405 2053 1471 Numidis
2115 1428 2426 1491 possessa

408 1500 535 1579 est,
598 1496 756 1561 victi
811 1518 1033 1560 omnes
1095 1496 1167 1558 in
1220 1499 1483 1579 gentem
1532 1516 1894 1578 nomenque
1957 1495 2425 1579 imperantium

306 1584 388 1648 19
409 1604 799 1648 concessere.
887 1586 1119 1666 postea
1162 1580 1546 1666 Phoenices,
1601 1582 1713 1646 alii
1757 1583 2196 1647 multitudinis
2242 1583 2423 1647 domi

409 1672 790 1735 minuendae
826 1670 1043 1755 gratia
1076 1691 1227 1753 pars
1264 1669 1497 1754 imperi
1526 1671 1819 1753 cupidine
1848 1670 2203 1735 sollicitata
2228 1671 2424 1754 plebe

411 1763 477 1823 et
513 1759 658 1822 aliis
694 1779 1009 1822 novarum
1045 1780 1262 1821 rerum
1292 1759 1519 1841 avidis,
1547 1757 1917 1843 Hipponem
1944 1758 2424 1822 Hadrumetum

409 1845 670 1930 Leptim
734 1846 1023 1929 aliasque
1085 1846 1265 1910 urbis
1331 1846 1401 1909 in
1464 1868 1577 1910 ora
1642 1846 1989 1910 marituma
2062 1847 2424 1930 condidere,

341 2039 372 2086 2
411 1934 2030 2089 ἓῗᾱῖἒ“θᾶιὲἑὲ“1ἒὲἓίἷ“ἒθῗὲῗωῖιὲἒῖὃᾱέῃῗιῖἒξὲἒ
2069 1956 2203 2086 ³¹²2?
2229 1957 2425 2087 3253,

412 2109 643 2173 melius
686 2113 848 2193 puto
895 2131 1090 2193 quam
1133 2132 1366 2193 parum
1410 2109 1637 2194 dicere,
1684 2109 1989 2192 quoniam
2024 2044 2156 2174 {iilo
2193 2133 2424 2195 prope-

409 2218 552 2263 rare
598 2201 855 2281 tempus
900 2202 1171 2262 monet

339 2305 372 2351 3
542 2284 757 2371 Igitur
814 2287 893 2349 ad
940 2281 1449 2369 Catabathmon,
1504 2286 1614 2385 qui
1668 2286 1849 2350 locus
1904 2286 2283 2371 Aegyptum
2337 2288 2422 2351 ab

409 2373 636 2439 Africa
679 2373 925 2457 dividit,
972 2374 1250 2438 secundo
1287 2336 1452 2437 mari
1478 2373 1691 2457 prima
1718 2372 1964 2456 Cyrene
2002 2378 2119 2458 est,
2166 2375 2425 2439 colonia

409 2462 761 2544 Theraeon,
799 2484 874 2527 ac
909 2462 1207 2544 deinceps
1246 2463 1410 2525 duae
1441 2459 1666 2544 Syrtes
1704 2461 1998 2545 interque
2037 2484 2145 2526 eas
2174 2460 2422 2547 Leptis,

411 2550 636 2614 deinde
680 2513 1041 2613 Philaenon
1087 2570 1252 2632 arae,
1298 2570 1491 2631 quem
1534 2550 1748 2613 locum
1778 2549 2154 2634 Aegyptum
2189 2573 2422 2615 vorsus

409 2638 605 2701 finem
648 2637 883 2720 imperi
928 2636 1213 2699 habuere
1259 2634 1847 2721 CarthaginienseS,
1891 2643 2044 2720 post
2088 2638 2253 2702 aliae
2298 2638 2423 2702 Pu·

341 2743 375 2789 4
410 2725 593 2788 nicae
637 2725 847 2787 urbes.
941 2727 1154 2788 cetera
1197 2723 1342 2787 loca
1395 2745 1599 2807 usque
1645 2725 1725 2788 ad
1770 2724 2243 2790 Mauretaniam
2288 2726 2423 2791 Nu-

342 2829 373 2877 5
413 2811 621 2875 midae
668 2815 909 2893 tenent,
951 2832 1261 2894 proxume
1309 2810 1692 2912 Hispaniam
1736 2812 1950 2876 Mauri
1995 2818 2164 2877 sunt.
2228 2836 2422 2898 super

413 2897 789 2963 Numidiam
863 2897 1175 2963 Gaetulos
1252 2901 1614 2984 accepimus
1686 2901 1927 2984 partim
1998 2902 2069 2965 in
2139 2904 2419 2987 tuguriis

343 3005 374 3052 6
415 2986 577 3051 alios
624 2986 930 3051 incultius
977 3007 1178 3071 vagos
1218 2988 1486 3071 agitare,
1529 2992 1682 3070 post
1717 3010 1827 3052 eos
1864 2989 2223 3073 Aethiopas
2261 3012 2421 3075 esse,

347 3093 374 3140 7
415 3075 646 3138 dehinc
690 3075 834 3139 loca
870 3077 1098 3139 exusta
1134 3075 1291 3138 solis
1331 3075 1685 3140 ardoribus
1750 3077 1954 3160 igitur
1988 3078 2161 3141 bello
2195 3076 2421 3163 Iugur·

413 3163 598 3226 thino
652 3163 958 3247 pleraque
1013 3183 1089 3226 ex
1144 3161 1407 3227 Punicis
1464 3164 1701 3247 oppida
1758 3169 1824 3228 et
1878 3165 2026 3229 finis
2083 3165 2421 3251 Carthagi—

412 3250 750 3334 niensium,
796 3273 957 3334 quos
1001 3249 1371 3315 novissume
1424 3252 1811 3336 habuerant,
1863 3254 2142 3337 populus
2189 3254 2421 3319 Roma·

412 3360 533 3402 nus
561 3360 678 3423 per
704 3339 1131 3424 magistratus
1161 3339 1686 3423 administrabat3
1724 3338 2149 3405 Gaetulorum
2184 3364 2422 3428 magna

412 3448 563 3510 pars
628 3432 695 3490 et
749 3426 1068 3491 Numidae
1130 3448 1336 3510 usque
1398 3428 1478 3491 ad
1532 3428 1771 3491 flumen
1823 3428 2237 3494 Muluccham
2300 3433 2419 3495 sub

413 3512 734 3599 Iugurtha
779 3519 990 3599 erant3
1034 3514 1283 3579 Mauris
1331 3515 1631 3579 omnibus
1677 3537 1788 3580 rex
1824 3516 2121 3582 Bocchus
2167 3518 2422 3603 imperi-
