2650 4059
649 253 943 309 BELLUM
979 255 1503 312 IUGURTHINUM
1539 274 1584 311 c.
1626 264 1832 313 50—53
2165 259 2247 323 79

227 403 370 463 tare
428 400 679 484 omnia3
744 401 1083 465 subvenire
1140 401 1300 485 suis,
1363 401 1666 466 hostibus
1722 403 1933 467 dubiis
1988 404 2249 489 instare,

225 509 391 570 quos
427 488 653 552 firmos
692 493 1105 574 cognoverat,
1142 489 1392 553 eminus
1429 490 1776 574 pugnando
1812 491 2106 556 retinere.
2166 514 2243 557 eo
2264 492 2349 556 52

225 575 422 640 modo
468 575 641 639 inter
687 598 755 640 se
803 576 929 640 duo
974 577 1401 660 imperatores
1450 578 1686 641 summi
1732 578 1856 642 viri
1893 581 2246 663 certabant,

222 662 357 746 ipsi
410 685 599 746 pares
611 715 629 746 ,
683 667 969 729 ceterum
1025 665 1257 748 opibus
1308 665 1692 748 disparibus.
1781 688 1933 731 nam
1977 666 2244 732 Metello
2283 684 2314 730 2

222 750 437 837 virtus
502 750 786 815 militum
842 757 1010 833 erat,
1073 752 1254 817 locus
1309 754 1619 818 advorsus
1630 805 1648 837 ,
1703 754 2059 836 Iugurthae
2117 755 2246 819 alia

225 838 448 903 omnia
504 844 764 922 praeter
827 839 1070 904 milites
1137 846 1521 924 opportuna.
1621 842 1893 925 denique
1948 842 2245 926 Romani,
2282 861 2313 906 3

358 1365 620 1431 Interea
663 1367 1009 1450 Bomilcar,
1057 1390 1249 1451 quem
1295 1368 1658 1451 elephantis
1706 1372 1772 1432 et
1816 1369 1990 1451 parti
2036 1371 2243 1453 copia·
2281 1385 2312 1432 5

222 926 341 991 ubi
395 927 788 1012 intellegunt
840 949 1048 1011 neque
1105 928 1233 992 sibi
1286 929 1659 1014 perfugium
1714 951 1853 994 esse
1908 951 2114 1013 neque
2162 932 2242 995 ab

221 1014 417 1079 hoste
464 1015 719 1098 copiam
762 1015 1096 1101 pugnandi
1139 1016 1280 1080 fieri
1328 1014 1423 1101 (et
1467 1017 1600 1081 iam
1645 1018 1745 1081 die
1791 1040 2018 1101 vesper
2058 1016 2243 1104 erat),

223 1097 504 1167 advorso
534 1103 697 1167 colle
746 1103 940 1167 sicuti
966 1109 1387 1187 praeceptum
1404 1105 1635 1187 fuerat,
1663 1106 1956 1170 evadunt.
2004 1107 2243 1171 amisso

220 1190 372 1255 loco
419 1180 739 1255 Numidae
795 1190 925 1262 fusi
970 1191 1339 1276 fugatique3
1392 1193 1583 1276 pauci
1627 1193 1956 1277 interiere,
2004 1194 2244 1277 pleros-

223 1286 352 1361 que
398 1279 710 1343 velocitas
759 1283 826 1343 et
870 1279 1051 1364 regio
1097 1279 1400 1344 hostibus
1445 1280 1677 1364 ignara
1720 1285 1938 1345 tutata
1982 1287 2151 1346 sunt.

220 1477 374 1519 rum
427 1455 826 1538 pedestrium
876 1455 1280 1538 praefectum
1334 1457 1417 1520 ab
1464 1454 1786 1539 Iugurtha
1840 1478 2034 1539 supra
2088 1457 2244 1520 dixi-

224 1564 401 1625 mus,
454 1542 569 1607 ubi
625 1564 770 1607 eum
826 1542 1115 1607 Rutilius
1169 1548 1695 1627 praetergressus
1750 1548 1875 1626 est,
1924 1544 2242 1627 paulatim

194 1652 381 1695 -suos
445 1630 516 1694 in
569 1652 844 1714 aequom
898 1631 1113 1695 locum
1168 1631 1426 1696 deducit
1481 1654 1581 1715 ac,
1645 1633 1798 1696 dum
1851 1633 2106 1717 legatus
2163 1633 2243 1696 ad

221 1719 485 1801 flumen,
530 1740 659 1803 quo
695 1719 1090 1802 praemissus
1130 1723 1287 1802 erat,
1331 1718 1649 1784 festinans
1685 1721 1922 1805 pergit,
1967 1720 2242 1804 quietuS,

222 1806 325 1870 uti
369 1827 474 1870 res
511 1807 907 1890 postulabat,
954 1807 1158 1872 aciem
1196 1811 1466 1872 exornat
1500 1829 1708 1891 neque
1745 1808 2041 1890 remittit,
2087 1809 2242 1891 quid

221 1894 467 1977 ubique
519 1894 733 1959 hostis
781 1899 1029 1979 ageret,
1085 1895 1436 1978 explorare,
1525 1900 1879 1979 postquam·
1921 1896 2243 1960 Rutilium
2279 1912 2311 1959 6

162 2040 166 2043 ,
225 1982 596 2046 consedisse
642 1982 776 2045 iam
821 1987 887 2045 et
933 1983 1150 2046 animo
1196 2005 1469 2047 vacuom
1516 1984 1766 2067 accepit
1808 1984 2126 2067 simulque
2164 2006 2242 2048 ex

221 2069 585 2155 Iugurthae
616 2070 866 2154 proelio
904 2070 1252 2135 clamorem
1291 2070 1534 2156 augeri,
1569 2072 1831 2153 verituS,
1866 2095 1946 2136 ne
1983 2072 2239 2157 legatus
2325 2099 2328 2103 ·

224 2157 493 2241 cognita
523 2179 592 2221 re
628 2158 1079 2223 laborantibus
1118 2160 1252 2222 suis
1292 2159 1532 2223 auxilio
1560 2158 1749 2242 foret,
1787 2160 2008 2240 aciem,
2047 2182 2240 2242 quam

221 2245 525 2309 diffidens
570 2246 803 2310 virtuti
847 2246 1132 2311 militum
1178 2251 1317 2311 arte
1375 2250 1724 2329 statuerat,
1779 2268 1906 2330 quo
1951 2247 2239 2311 hostium

222 2333 449 2397 itineri
495 2333 800 2416 officeret,
847 2334 1044 2398 latius
1089 2334 1373 2435 porrigit
1418 2355 1620 2417 eoque
1666 2336 1858 2398 modo
1905 2334 1986 2397 ad
2030 2334 2239 2398 Rutili

224 2425 444 2485 castra
495 2421 806 2504 procedit.
903 2421 1182 2486 Romam
1245 2444 1323 2486 ex
1376 2422 1706 2504 inproviso
1761 2421 2043 2506 pulveris
2107 2421 2344 2486 vim53

223 2529 534 2593 magnam
588 2510 1142 2594 animadvortunt3
1194 2531 1347 2573 nam
1392 2513 1808 2593 prospectum
1855 2529 2010 2593 ager
2055 2509 2239 2572 arbu-

224 2596 348 2661 stis
406 2597 695 2661 consitus
750 2597 1157 2680 prohibebat.
1247 2601 1315 2661 et
1368 2597 1579 2680 primo
1631 2598 1758 2661 rati
1803 2599 2073 2662 humum
2119 2597 2239 2660 ari-

223 2685 377 2748 dam
430 2689 624 2749 vento
680 2685 946 2771 agitari,
998 2690 1151 2769 post
1204 2685 1319 2787 Q
1376 2686 1779 2768 aequabilem
1834 2707 2091 2749 manere
2155 2690 2238 2767 et,
2266 2667 2615 2771 asemas

224 2772 423 2837 sicuti
461 2773 629 2837 acies
668 2773 1070 2856 movebatur,
1105 2795 1314 2859 magls
1354 2774 1691 2858 magisque
1724 2774 2236 2857 adpropinquare

222 2860 475 2944 vident,
530 2860 795 2945 cognita
847 2883 917 2924 re
970 2859 1391 2945 properantes
1451 2884 1631 2924 arma
1686 2862 1949 2945 capiunt
1999 2883 2072 2926 ac
2117 2883 2236 2944 pro

224 2948 486 3031 castriS,
551 2947 744 3012 sicuti
806 2948 1277 3032 imperabatur,
1342 2950 1724 3014 consistunt.
1824 2949 2049 3012 deinde
2122 2948 2234 3012 ubi
2273 2964 2304 3010 2

222 3035 492 3120 propius
556 3040 822 3100 ventum
885 3040 1013 3119 est,
1075 3036 1403 3120 utrimque
1464 3056 1701 3120 magno
1759 3036 2037 3113 clamore
2094 3057 2238 3099 con·

223 3123 523 3190 curritur.
621 3122 943 3188 Numidae
996 3127 1253 3188 tantum
1307 3124 1501 3188 modo
1556 3124 1890 3206 remorati,
1955 3123 2105 3187 dum
2168 3122 2237 3185 in
2275 3139 2306 3186 3

222 3211 588 3294 elephantis
644 3211 956 3275 auxilium
1010 3215 1271 3294 putant,
1334 3215 1684 3295 postquam
1748 3233 1858 3275 eos
1913 3210 2236 3294 inpeditos

223 3298 421 3363 ramis
468 3299 774 3364 arborum
812 3303 1006 3382 atque
1043 3299 1139 3362 ita
1175 3299 1478 3363 disiectos
1518 3298 1963 3364 circumveniri
1999 3298 2237 3380 vident,

121 3465 130 3472 ⁰
223 3386 447 3476 fugam
500 3385 751 3450 faciunt
806 3407 881 3450 ac
978 3387 1097 3450 leri
1145 3408 1224 3449 ue
1281 3386 1552 3451 abiectis
1610 3387 1807 3451 armis
1873 3386 2056 3450 collis
2122 3389 2237 3449 aut

218 3478 462 3556 noctis,
510 3495 672 3557 quae
719 3495 849 3537 lam
896 3408 1146 3557 agera'tt,
1192 3473 1433 3538 auxilio
1479 3475 1720 3559 integri
1766 3474 2023 3538 abeunt.
2115 3473 2235 3536 ele-

214 3560 451 3646 phanti
499 3564 811 3644 quattuor
858 3561 1060 3645 capti,
1104 3561 1337 3645 reliqui
1387 3583 1609 3625 omnes
1653 3582 1921 3625 numero
1970 3561 2234 3644 quadra·
