2650 4059
773 949 850 1023 c,
908 949 1363 1024 SALLUSTI
1418 945 1721 1024 cRISPI

616 1114 1123 1199 BELLUM
1188 1107 1849 1199 CATILINAE.

367 1281 598 1348 Omnis
643 1281 959 1365 homineS,
1005 1283 1117 1365 qui
1164 1303 1304 1347 sese
1343 1282 1608 1347 student
1642 1288 1976 1367 praestare
2016 1285 2248 1349 ceberis
2292 1286 2327 1350 1

230 1370 652 1453 animalibus,
706 1392 960 1434 summa
1017 1392 1137 1454 ope
1182 1370 1307 1434 nibi
1353 1370 1555 1453 (lecet,
1607 1393 1688 1434 ne
1734 1371 1938 1435 vitam
1986 1372 2248 1437 silentio

232 1462 574 1524 transeant
605 1458 807 1523 veluti
833 1480 1087 1541 pecora,
1125 1480 1289 1541 quae
1316 1461 1554 1522 natura
1581 1480 1787 1542 prona
1814 1463 2010 1542 atque
2039 1460 2251 1523 ventri

231 1545 646 1613 oboedientia
689 1546 895 1610 finxit.
982 1546 1097 1610 sed
1141 1550 1370 1611 nosbra
1417 1546 1626 1610 omnis
1674 1547 1771 1611 vis
1817 1547 1888 1611 in
1930 1546 2146 1611 animo
2185 1550 2252 1611 et
2289 1567 2321 1614 2

234 1656 507 1719 corpore
550 1634 679 1698 sita
724 1638 851 1717 est3
897 1634 1097 1698 animi
1141 1634 1436 1717 imperi0,
1482 1635 1771 1718 corporis
1812 1634 2081 1700 servibio
2123 1657 2251 1699 ma—

233 1723 339 1808 gis
384 1722 656 1805 utimur3
702 1722 980 1786 alterum
1025 1722 1216 1786 nobis
1263 1744 1413 1786 cum
1458 1722 1583 1805 dis,
1631 1723 1911 1788 alterum
1956 1744 2104 1788 cum
2147 1723 2253 1789 be-

232 1811 362 1875 luis
423 1831 762 1875 commune
817 1814 937 1875 esb.
1036 1831 1164 1893 quo
1221 1809 1383 1874 mihi
1437 1811 1677 1880 recbius
1732 1810 1988 1875 videtur
2032 1812 2253 1896 ingeni
2291 1831 2323 1877 3

236 1920 434 1981 quam
497 1897 732 1962 virium
796 1898 1028 1980 opibus
1089 1897 1368 1983 gloriam
1424 1919 1731 1980 quaerere
1786 1902 1880 1982 et,
1945 1899 2253 1982 quoniam

238 1987 374 2050 vita
426 1986 597 2069 ipsa¹
627 2006 756 2069 qua
809 1985 1087 2049 fruimur
1141 1985 1357 2049 brevis
1414 1990 1542 2069 est,
1605 1986 1989 2051 memoriam
2040 1987 2254 2051 nostri

237 2096 435 2157 quam
497 2087 794 2138 maxume
848 2074 1111 2160 longam
1166 2073 1438 2138 efficere.
1538 2096 1692 2138 nam
1747 2074 2126 2139 divitiarum
2187 2080 2254 2139 et
2291 2094 2325 2142 4

237 2163 486 2227 formae
548 2161 761 2246 gloria
823 2162 998 2225 fluxa
1052 2166 1248 2244 abque
1302 2161 1563 2246 fragilis
1625 2166 1753 2246 est,
1816 2162 2024 2227 virtus
2081 2163 2257 2228 clara

237 2254 631 2332 aeternaque
675 2248 970 2313 habebur.

373 2335 500 2402 Sed
536 2336 648 2400 diu
683 2342 992 2422 magnum
1027 2338 1198 2402 inter
1235 2337 1533 2401 mortalis
1572 2342 1899 2403 cerbamen
1926 2338 2071 2421 fuit,
2108 2340 2255 2403 vine
2293 2358 2325 2406 5

238 2425 531 2510 corporis
585 2446 669 2488 an
722 2425 964 2489 virbube
1019 2426 1220 2489 animi
1272 2447 1376 2490 res
1428 2425 1733 2489 milibaris
1781 2426 1991 2510 magis
2038 2447 2256 2509 proce·

239 2514 439 2578 deret.
535 2534 689 2576 nam
743 2517 811 2577 et
862 2513 1043 2597 prius
1100 2535 1297 2596 quam
1350 2512 1622 2596 incipias
1679 2513 1977 2578 consulbo
2030 2517 2097 2577 et
2141 2514 2255 2578 ubi
2293 2536 2325 2582 6

237 2601 640 2666 consulueris
687 2605 938 2665 mabure
983 2601 1159 2665 facbo
1208 2622 1370 2684 opus
1416 2605 1534 2665 esb.
1624 2601 1721 2664 ita
1757 2605 2103 2684 utrumque
2138 2624 2257 2701 per
2296 2622 2326 2668 7

212 2687 310 2754 'se
348 2688 649 2773 indigens
684 2689 962 2753 alterum
1000 2689 1267 2753 alberius
1306 2689 1555 2753 auxilio
1586 2693 1753 2774 eget.
1821 2689 2026 2789 igibur
2064 2689 2253 2754 initio
2294 2696 2338 2758 2

240 2799 428 2863 reges
485 2776 664 2862 (nam
716 2776 787 2840 in
839 2777 1032 2841 terris
1086 2798 1324 2841 nomen
1377 2777 1609 2859 imperi
1660 2777 1726 2840 id
1770 2778 2056 2860 primum
2099 2775 2253 2862 fuit)

240 2865 486 2930 divorsi
537 2886 689 2947 pars
735 2864 1095 2948 ingenium,
1150 2864 1262 2928 alii
1309 2886 1542 2947 corpus
1590 2866 2000 2929 exercebant:
2056 2865 2258 2930 effiiam

242 2956 386 3017 tum
449 2953 586 3016 vita
645 2952 983 3016 hominum
1047 2952 1186 3017 sine
1251 2952 1605 3035 cupiditabe
1670 2952 2074 3037 agibababur3
2138 2976 2257 3017 sua

243 3040 475 3122 cuique
540 3040 701 3104 satis
763 3040 1126 3122 placebant
1225 3045 1455 3123 postea
1510 3062 1660 3104 vero
1717 3061 1913 3128 quam
1972 3041 2042 3104 in
2095 3040 2257 3105 Asia
2297 3061 2330 3106 2

243 3126 525 3212 Cyrus»,
508 3150 577 3191 111
606 3126 877 3192 Graecia
904 3126 1397 3192 Lacedaemonii
1434 3132 1500 3192 eb
1530 3122 1960 3191 Abhenienses
1990 3149 2257 3211 coepere

243 3216 425 3280 urbis
482 3219 676 3298 atque
730 3216 1029 3280 nabiones
1084 3215 1413 3300 subigere,
1465 3216 1822 3279 lubidinem
1886 3215 2259 3280 dominandi

244 3324 506 3368 causam
561 3303 717 3367 belli
770 3303 1036 3386 habere,
1093 3325 1462 3367 maxumam
1517 3304 1794 3388 gloriam
1839 3302 1908 3367 in
1954 3325 2257 3368 maxumo

243 3390 518 3475 imperio
571 3395 829 3476 pubare,
883 3396 1026 3455 tum
1079 3392 1338 3456 demum
1392 3392 1677 3491 periculo
1732 3395 1927 3491 atque
1972 3392 2260 3475 negotiis

246 3482 629 3562 conpertum
690 3483 792 3544 est
853 3479 923 3543 in
986 3479 1159 3543 bello
1223 3479 1597 3561 plurumum
1659 3479 1995 3579 ingenium
2049 3501 2258 3561 posse.

248 3567 418 3650 quod
483 3566 539 3630 si
602 3587 831 3652 regum
884 3570 1082 3649 atque
1141 3566 1609 3649 imperatorum
1664 3567 1863 3631 animi
1917 3566 2125 3631 vii-bus
2193 3567 2260 3631 in
2296 3585 2332 3631 3

351 3678 524 3720 Suam
527 3688 676 3720 ssssss
1486 3710 1493 3716 .
1913 3677 1941 3722 1
