2650 4059
410 252 494 315 70
1059 249 1121 308 Ο.
1160 250 1500 306 SALLUSTI
1536 249 1767 306 CRISPI

402 397 720 480 ducesque
747 400 1126 479 turmarum,
1170 395 1417 479 partim
1442 396 1543 459 uti
1579 395 2087 482 transfugerent,
2123 417 2430 461 conrum-

332 500 366 547 4
401 507 571 569 pere,
616 484 729 549 alii
776 484 963 568 signo
1001 484 1154 548 dato
1192 484 1408 548 locum
1444 484 1544 548 uti
1581 484 1949 548 desererent
2041 505 2209 567 quae
2246 488 2430 568 post-

403 594 597 657 quam
652 594 731 638 ex
787 572 1109 637 sententia
1164 571 1463 654 instruit,
1516 572 1911 656 intempesta
1962 575 2158 642 nocte
2206 572 2287 636 de
2330 572 2429 636 in-

400 661 663 745 proviso
684 659 1100 724 multitudine
1117 658 1551 724 Numidarum
1572 659 1726 723 Auli
1745 664 1962 725 castra
1979 653 2426 724 circumvenit.

330 765 363 807 s
402 748 644 812 milites
673 747 970 830 Romani,
1006 746 1288 831 perculsi
1319 746 1612 811 tumultu
1647 746 1934 831 insolitO,
1971 768 2153 811 arma
2188 768 2425 832 capere

401 836 515 900 alii
560 835 672 900 alii
718 858 786 901 se
833 835 1083 918 abdere,
1127 856 1279 919 pars
1326 835 1594 899 territos
1650 835 2049 918 confirmare,
2095 835 2424 918 trepidare

403 924 702 988 omnibus
750 924 929 989 locis.
1018 922 1116 987 vis
1163 943 1402 1008 magna
1444 922 1755 1006 hostium,
1801 922 2052 988 caelum
2095 926 2290 988 nocte
2326 928 2425 987 at-

403 1033 525 1095 que
569 1010 852 1076 nubibus
900 1010 1337 1094 obscuratum,
1382 1010 1742 1094 periculum
1785 1031 2040 1095 ancePS,
2084 1014 2422 1095 postremo

332 1118 364 1165 o
401 1098 625 1184 fugere
672 1121 756 1163 an
800 1120 1058 1164 manere
1095 1098 1302 1163 tutius
1340 1098 1529 1182 foret,
1567 1098 1636 1162 in
1670 1098 1921 1164 incerto
1957 1101 2117 1163 erat.
2190 1099 2306 1163 sed
2341 1121 2425 1162 ex

403 1208 478 1251 eo
516 1209 803 1271 numer0,
844 1208 1004 1271 quos
1042 1186 1237 1271 paulo
1276 1190 1426 1251 ante
1463 1189 1815 1269 conruptos
1849 1186 2147 1270 diximuS,
2184 1186 2423 1251 cohors

401 1297 530 1339 una
574 1273 891 1360 Ligurum
945 1297 1092 1340 cum
1137 1274 1386 1338 duabus
1433 1274 1667 1338 turmis
1712 1274 2036 1339 Thracum
2083 1277 2150 1339 et
2193 1275 2423 1357 paucis

402 1363 719 1452 gregariis
785 1363 1105 1428 militibus
1169 1362 1483 1426 transiere
1548 1361 1629 1426 ad
1692 1383 1940 1447 regem,
2003 1365 2071 1426 et
2124 1363 2424 1427 centurio

400 1451 595 1534 primi
639 1451 759 1535 pili
803 1452 1036 1522 tertiae
1080 1450 1359 1535 legionis
1402 1471 1520 1535 per
1564 1450 2020 1533 munitionem,
2076 1467 2272 1533 quam
2318 1451 2425 1515 uti

403 1540 771 1604 defenderet
816 1542 1168 1622 acceperat,
1214 1538 1431 1602 locum
1474 1537 1777 1603 hostibus
1814 1537 2185 1603 introeundi
2221 1537 2424 1622 dedit,

333 1645 362 1693 ’1
403 1649 602 1711 eaque
663 1626 984 1690 Numidae
1045 1625 1261 1691 cuncti
1315 1626 1633 1710 inrupere.
1730 1626 1943 1690 nostri
1996 1625 2185 1690 foeda
2244 1624 2424 1711 fuga,

401 1714 690 1798 plerique
746 1713 1016 1778 abiectis
1071 1713 1298 1797 armis,
1351 1735 1740 1798 proxumum
1795 1712 2028 1779 collem
2074 1734 2426 1798 occupave-

333 1820 365 1868 8
402 1807 572 1866 runt.
659 1799 792 1867 nox
835 1805 1031 1885 atque
1075 1802 1315 1885 praeda
1361 1806 1724 1867 castrorum
1759 1802 1991 1884 hostis,
2037 1822 2165 1886 quo
2203 1802 2425 1884 minus
2465 1855 2478 1865 .

334 1908 365 1954 9
403 1889 679 1955 victoria
740 1894 1101 1967 uterentur,
1160 1893 1488 1954 remorata
1550 1894 1721 1954 sunt.
1817 1889 2044 1954 deinde
2096 1887 2427 1975 Iugurtha

402 1982 665 2063 postero
712 1977 812 2042 die
860 2000 1007 2042 cum
1051 1977 1223 2042 Aulo
1268 1978 1339 2042 in
1385 1977 1728 2061 conloquio
1773 1977 1972 2042 verba
2015 1976 2202 2042 facit:
2257 1982 2427 2042 tam-

403 2066 529 2131 etsi
572 2066 788 2149 ipsum
834 2088 979 2130 cum
1025 2066 1309 2131 exercitu
1354 2066 1525 2129 fame
1572 2070 1639 2130 et
1683 2065 1856 2130 ferro
1910 2066 2201 2130 clausum
2246 2070 2427 2131 tene-

404 2157 522 2238 ret,
567 2158 788 2218 tamen
833 2176 901 2219 se
948 2176 1301 2219 memorem
1345 2154 1775 2218 humanarum
1822 2174 2056 2238 rerum,
2101 2153 2159 2218 si
2201 2175 2424 2222 secum

404 2242 630 2307 foedus
676 2242 937 2327 faceret,
982 2242 1326 2308 incolumis
1366 2241 1575 2306 omnis
1615 2241 1734 2306 sub
1772 2242 1999 2328 iu'gum
2040 2240 2427 2329 missurum3

308 2348 370 2396 ιο
405 2336 741 2417 praeterea
784 2331 884 2396 uti
929 2331 1154 2396 diebus
1201 2330 1422 2395 decem
1466 2328 1779 2394 Numidia
1822 2329 2172 2394 decederet.
2256 2351 2427 2415 quae

406 2442 798 2504 quamquam
824 2419 1050 2505 gravia
1068 2423 1134 2484 et
1154 2418 1364 2504 flagiti
1383 2417 1576 2501 plena
1594 2422 1796 2502 erant,
1825 2422 2061 2502 tamen,
2081 2416 2236 2501 quia
2254 2441 2429 2484 mor-
2470 2413 2473 2416 ¹
2524 2460 2553 2470 —

406 2509 493 2572 tis
523 2512 702 2572 metu
733 2507 1171 2591 mutabantur,
1210 2507 1405 2571 sicuti
1433 2506 1575 2592 regi
1599 2506 1919 2590 lubuerat,
1944 2527 2074 2590 pax
2099 2507 2427 2582 convenit.
2448 2483 2507 2586 's

302 2597 384 2660 39
543 2595 669 2660 Sed
726 2596 841 2659 ubi
905 2617 981 2659 ea
1098 2615 1281 2658 omae
1347 2597 1654 2679 conperta
1716 2597 1894 2678 sunt,
1955 2596 2166 2657 metus
2223 2599 2428 2679 atque

37 3485 311 3641 daaff

406 2706 660 2749 maeror
704 2682 1036 2748 civitatem
1079 2682 1400 2746 invasere:
1453 2703 1604 2765 pars
1651 2682 1866 2746 dolere
1901 2703 2022 2766 pro
2060 2681 2272 2767 gloria
2307 2683 2431 2747 im-

403 2771 570 2857 peri,
624 2792 777 2854 pars
824 2769 1093 2834 insolita
1137 2791 1354 2834 rerum
1398 2770 1778 2835 bellicarum
1824 2769 2055 2835 timere
2100 2769 2430 2857 libertati3
2538 2807 2545 2812 ·
2640 2771 2641 2774 ’

406 2858 578 2924 Aulo
626 2878 848 2923 omnes
895 2856 1136 2941 infesti,
1181 2879 1255 2922 ac
1301 2879 1598 2922 maxume
1646 2857 1760 2941 qui
1804 2857 1977 2922 bello
2017 2879 2205 2941 saepe
2242 2881 2431 2944 prae-

408 2947 566 3013 clari
628 2945 911 3031 fuerant,
985 2945 1157 3029 quod
1219 2950 1508 3010 armatus
1570 2946 1877 3011 dedecore
1939 2945 2159 3029 potius
2226 2969 2433 3031 quam

338 3053 368 3099 2
408 3058 604 3101 manu
651 3034 928 3099 salutem
975 3033 1399 3117 quaesiverat.
1490 3033 1574 3098 ob
1622 3056 1699 3099 ea
1743 3034 1968 3099 consul
2014 3032 2293 3099 Albinus
2348 3058 2433 3101 ex

407 3124 642 3190 delicto
698 3122 922 3187 fratris
977 3121 1287 3187 invidiam
1342 3144 1419 3187 ac
1473 3122 1699 3186 deinde
1760 3122 2121 3207 periculum
2183 3123 2431 3189 timens

408 3215 706 3277 senatum
751 3211 827 3275 de
873 3209 1128 3275 foedere
1175 3209 1584 3295 consulebat,
1638 3215 1704 3274 et
1750 3213 1971 3274 tamen
2014 3210 2280 3275 interim
2324 3234 2434 3276 ex-

408 3299 639 3365 ercitui
704 3298 1226 3383 supplementum
1280 3297 1591 3382 scribere,
1655 3297 1737 3361 ab
1793 3297 1987 3363 sociis
2043 3302 2110 3362 et
2161 3300 2432 3365 nomine

406 3386 641 3453 Latino
681 3387 923 3453 auxilia
959 3408 1301 3471 arcessere,
1348 3385 1621 3470 denique
1660 3386 1962 3451 omnibus
2001 3386 2210 3452 modis
2248 3387 2434 3468 Q·

337 3493 368 3539 3
405 3498 579 3559 Q
671 3480 933 3541 senatus
979 3475 1092 3559 ita,
1136 3474 1401 3557 uti-par
1445 3472 1684 3557 fuerat,
1730 3474 2017 3540 decernit
2063 3496 2182 3541 suo
2229 3479 2433 3560 atque

336 3580 370 3627 4
407 3563 634 3648 populi
696 3563 947 3629 iniussu
1000 3563 1253 3627 nullum
1306 3561 1600 3645 potuisse
1656 3561 1883 3626 foedus
1937 3562 2097 3628 fieri.
2199 3566 2433 3630 consul
