2650 4059
688 239 982 295 BELLUM
1018 239 1409 296 CATILINAE
1448 257 1495 297 c.
1532 246 1759 297 27-31.
2148 242 2230 307 17

210 386 412 451 aliter
459 385 596 449 sine
640 385 867 469 populi
911 385 1095 449 iussu
1136 385 1380 449 nullius
1437 406 1661 449 earum
1713 408 1930 450 rerum
1984 388 2233 452 consuli

211 474 320 539 ius
368 476 488 537 est.

349 560 516 625 Post
559 581 800 643 paucos
847 560 983 624 dies
1021 560 1093 624 L.
1125 558 1395 625 Saenius
1444 564 1705 625 senator
1748 561 1819 626 in
1856 565 2085 626 senatu
2130 563 2234 627 lit-
2255 561 2342 627 30

216 653 398 713 teras
443 648 770 731 recitavit,
818 668 978 730 quas
1023 647 1319 712 Faesulis
1367 648 1619 712 adlatas
1666 648 1794 713 sibi
1839 648 2121 733 dicebat,
2165 650 2237 714 in

213 736 459 820 quibus
507 735 822 818 scriptum
868 739 1009 799 erat
1062 733 1131 800 C.
1179 734 1497 799 Manlium
1550 757 1731 799 arma
1786 737 2031 820 cepisse
2088 759 2235 802 cum

217 845 464 909 magna
499 822 916 887 multitudine
954 827 1104 887 ante
1142 823 1312 887 diem
1349 821 1444 886 VI
1479 823 1787 888 kalendas
1825 823 2233 889 Novembris,

214 911 448 994 simul,
510 910 578 974 id
634 911 806 993 quod
859 910 930 974 in
973 910 1094 974 tali
1148 931 1217 973 re
1263 911 1459 994 solet,
1514 910 1626 974 alii
1680 915 1985 994 portenta
2040 916 2234 995 atque
2272 929 2303 974 2

217 998 523 1084 prodigia
554 998 964 1081 nuntiabant,
1001 997 1114 1062 alii
1151 1002 1503 1063 conventus
1538 997 1699 1082 fieri,
1743 1020 1925 1063 arma
1968 1000 2236 1084 portari,

219 1086 483 1171 Capuae
529 1089 725 1169 atque
761 1086 832 1150 in
857 1084 1100 1169 Apulia
1145 1086 1377 1150 servile
1412 1085 1659 1150 bellum
1695 1087 1958 1151 moveri.
2030 1088 2237 1172 igitur
2272 1103 2304 1151 3

216 1173 438 1239 senati
482 1175 738 1238 decreto
788 1171 861 1249 Q.
907 1171 1192 1237 Marcius
1228 1172 1370 1237 Rex
1412 1172 1751 1258 FaesulaS,
1814 1173 1887 1251 Q.
1933 1173 2236 1239 Metellus

220 1259 523 1327 Creticus
568 1261 639 1325 in
664 1259 974 1344 Apuliam
1019 1260 1387 1344 circumque
1433 1282 1510 1324 ea
1544 1262 1690 1325 loca
1724 1225 1911 1327 1111881
1957 1259 2045 1348 (81
2078 1262 2238 1328 utri·
2274 1278 2309 1325 4

218 1371 349 1434 que
396 1350 478 1414 ad
521 1349 749 1414 urbem
793 1348 1217 1431 imperatores
1265 1352 1469 1432 erant,
1522 1348 1822 1432 inpediti,
1885 1372 1966 1415 ne
2012 1350 2238 1414 trium-

218 1437 531 1521 pharent,
585 1435 909 1501 calumnia
961 1457 1343 1521 paucorum,
1406 1436 1640 1519 quibus
1703 1437 1921 1501 omnia
1962 1436 2240 1501 honesta

219 1529 423 1608 atque
487 1523 834 1588 inhonesta
894 1524 1164 1588 vendere
1236 1545 1379 1588 mos
1443 1519 1647 1607 erat),
1719 1524 1833 1588 sed
1902 1528 2235 1625 praetores
2274 1541 2306 1589 ὸ

221 1613 303 1689 Q.
356 1611 706 1695 Pompeius
766 1610 973 1676 Rufus
1038 1609 1353 1696 Capuam,
1420 1610 1494 1688 Q.
1555 1609 1857 1676 Metellus
1921 1610 2108 1677 Celer
2169 1614 2240 1677 in

221 1721 458 1786 agrum
494 1698 830 1782 Picenum,
884 1698 1104 1781 eisque
1147 1699 1565 1782 permissum,
1617 1699 1717 1763 uti
1770 1721 1890 1783 pro
1945 1703 2237 1784 tempore

220 1792 422 1871 atque
467 1786 755 1869 periculo
784 1786 1137 1851 exercitum
1184 1790 1628 1869 conpararent.
1692 1787 1773 1851 ad
1808 1788 1951 1872 hoc,
1997 1789 2054 1852 si
2092 1788 2236 1871 quis
2276 1806 2308 1852 6

222 1874 644 1940 indicavisset
672 1875 750 1938 de
778 1873 1239 1957 coniuratione,
1277 1894 1440 1957 quae
1469 1878 1698 1939 contra
1733 1896 1872 1939 rem
1907 1876 2238 1959 publicam

223 1962 404 2027 facta
467 1965 638 2045 erat,
700 1961 1062 2044 praemium
1124 1982 1309 2026 servo
1374 1962 1749 2027 libertatem
1813 1967 1881 2027 et
1935 1962 2239 2027 sestertia

222 2054 508 2133 centum,
533 2049 741 2113 libero
769 2048 1202 2132 inpunitatem
1230 2048 1369 2114 eius
1396 2049 1492 2114 rei
1519 2054 1587 2114 et
1615 2051 1919 2115 sestertia
1947 2051 2238 2134 ducenta,

223 2139 514 2239 itemque
568 2136 928 2220 decrevere,
981 2136 1082 2201 uti
1137 2136 1564 2221 gladiatoriae
1617 2136 1902 2201 familiae
1949 2136 2238 2237 Capuam
2277 2155 2307 2202 ‘1

224 2230 296 2292 et
351 2226 424 2290 in
477 2228 692 2290 cetera
743 2224 1096 2308 municipia
1150 2225 1693 2289 distribuerentur
1754 2246 1874 2307 pro
1930 2225 2239 2309 cuiusque

225 2314 491 2415 opibus,
534 2311 781 2377 Romae
833 2334 949 2396 per
994 2315 1205 2376 totam
1258 2313 1488 2377 urbem
1540 2311 1803 2396 vigiliae
1844 2311 2241 2377 haberentur

222 2402 451 2486 eisque
495 2399 777 2464 minores
814 2400 1240 2485 magistratus
1284 2403 1677 2482 praeessent.

364 2487 613 2565 Quibus
641 2487 833 2551 rebus
869 2490 1166 2571 permota
1201 2487 1431 2551 civitas
1470 2489 1663 2569 atque
1698 2487 2023 2550 inmutata
2056 2487 2237 2551 urbis
2258 2488 2298 2551 3
2312 2487 2344 2549 1

226 2576 430 2641 facies
477 2579 634 2639 erat.
725 2596 803 2638 ex
857 2596 1110 2638 summa
1162 2574 1417 2638 laetitia
1443 2603 1452 2620 ³
1475 2577 1669 2658 atque
1723 2573 2017 2657 lascivia,
2077 2594 2238 2656 quae

224 2665 537 2729 diuturna
590 2662 772 2746 quies
825 2666 1189 2746 pepererat,
1243 2665 1507 2745 repente
1563 2661 1773 2726 omnis
1827 2660 2103 2725 tristitia
2146 2661 2239 2725 in-

229 2751 428 2817 vasit:
492 2749 798 2815 festinare
853 2749 1202 2834 trepidare,
1258 2770 1467 2832 neque
1525 2750 1671 2814 loco
1724 2771 1932 2833 neque
1989 2749 2240 2815 homini
2277 2766 2308 2812 2

229 2838 535 2921 cuiquam
598 2837 758 2902 satis
823 2838 1108 2921 credere,
1167 2858 1376 2920 neque
1440 2836 1686 2902 bellum
1748 2857 1968 2923 gerere
2029 2858 2237 2921 neque

228 2947 458 3011 pacem
501 2924 758 3008 habere,
804 2945 921 2989 suo
969 2925 1240 3008 quisque
1285 2928 1467 2988 metu
1510 2924 1798 3008 pericula
1842 2924 2075 2988 metiri.
2158 2924 2240 2988 ad
2276 2941 2310 2986 3
2377 2944 2390 2948 ·

226 3014 357 3079 hoc
410 3013 741 3096 muliereS,
796 3012 1029 3095 quibus
1085 3012 1180 3076 rei
1231 3011 1530 3094 publicae
1584 3011 2029 3095 magnitudine
2082 3010 2239 3074 belli

230 3101 435 3166 timor
477 3100 782 3164 insolitus
827 3100 1207 3184 incesserat,
1255 3098 1586 3163 adflictare
1625 3119 1783 3180 sese,
1829 3118 2057 3161 manus
2096 3118 2241 3180 sup-

229 3189 435 3273 plices
481 3188 562 3251 ad
608 3187 857 3251 caelum
901 3187 1179 3269 tendere,
1223 3186 1519 3249 miserari
1563 3206 1800 3269 parvos
1837 3184 2097 3266 liberos,
2141 3205 2241 3247 ro-

232 3276 455 3375 gitare
501 3273 719 3338 omnia
781 3275 992 3338 omnia
1046 3295 1307 3357 pavere,
1371 3273 1675 3356 superbia
1734 3275 1930 3355 atque
1992 3234 2239 3335 deliciis

232 3361 494 3427 omissis
542 3361 668 3427 sibi
711 3362 1086 3445 patriaeque
1132 3359 1438 3425 diffidere.

366 3449 461 3515 At
506 3447 824 3514 Catilinae
872 3447 1147 3514 crudelis
1194 3448 1447 3511 animus
1495 3448 1717 3512 eadem
1762 3447 1878 3511 illa
1921 3445 2243 3528 movebat,
2278 3460 2318 3509 4.

234 3536 501 3602 tametsi
570 3535 892 3621 praesidia
957 3535 1354 3619 parabantur
1426 3540 1493 3601 et
1553 3535 1693 3618 ipse
1764 3534 1909 3619 lege
1980 3531 2244 3597 Plautia

343 3647 374 3690 S
378 3658 658 3690 aaaaaaaaa
1924 3641 1955 3689 2
