2650 4059
365 260 419 322 4.
1022 257 1079 315 C.
1119 256 1465 314 SALLUSTI
1502 257 1732 314 CRISPI

291 420 323 467 9
494 401 626 467 Res
662 402 809 486 ipsa
841 400 1096 468 hortari
1132 400 1406 487 videtur,
1444 403 1752 487 quoniam
1788 401 1866 468 de
1903 402 2195 469 moribus
2236 403 2386 471 civi·

363 490 522 555 tatis
576 493 835 575 tempus
891 491 1253 574 admonuit,
1308 512 1507 573 supra
1560 494 1853 574 repetere
1899 512 1975 556 ac
2018 495 2245 576 paucis
2291 494 2385 558 in-

364 579 602 644 stituta
665 580 987 644 maiorum
1049 579 1227 643 domi
1289 578 1720 662 militiaeque,
1793 599 1923 663 quo
1987 578 2181 645 modo
2246 602 2386 645 rem

363 666 690 751 publicam
734 666 1085 732 habuerint
1131 670 1571 751 quantamque
1608 666 2008 752 reliquerint,
2052 672 2129 732 ut
2162 669 2385 752 paula·

365 756 487 819 tim
532 757 858 820 inmutata
902 776 980 819 ex
1023 754 1484 839 pulcherruma
1529 758 1726 839 atque
1773 759 2045 839 optuma
2078 777 2385 839 pessuma

364 866 439 910 ac
484 843 1025 929 flagitiosissuma
1067 842 1245 907 facta
1291 842 1406 926 sit,
1451 842 1785 907 disserere.

285 931 329 996 6
497 931 746 997 Urbem
787 930 1084 1015 Romam,
1131 930 1327 995 sicuti
1365 951 1486 1016 ego
1524 930 1763 1015 accepi,
1807 929 2150 997 condidere
2187 935 2386 1016 atque

364 1020 648 1084 habuere
686 1017 876 1084 initio
913 1018 1196 1103 Troiani,
1235 1018 1348 1101 qui
1384 1017 1606 1083 Aenea
1641 1019 1800 1084 duce
1826 1018 2093 1105 profugi
2124 1020 2389 1085 sedibus

366 1107 631 1171 incertis
670 1107 1095 1191 vagabantur,
1133 1127 1408 1191 cumque
1445 1106 1539 1171 eis
1576 1106 1991 1192 Aborigines,
2034 1127 2237 1192 genus
2274 1108 2390 1172 ho·

367 1195 618 1259 minum
665 1199 945 1279 agreste,
991 1194 1131 1259 sine
1168 1194 1427 1280 legibus
1473 1194 1612 1259 sine
1648 1194 1940 1279 imperio,
1976 1195 2256 1260 liberum
2294 1200 2389 1261 at-

297 1301 328 1349 2
368 1304 491 1366 que
537 1282 843 1347 solutum.
931 1282 1004 1347 hi
1047 1286 1401 1367 postquam
1445 1283 1516 1347 in
1554 1304 1684 1347 una
1720 1283 1976 1348 moenia
2013 1305 2390 1367 convenere,

367 1370 610 1454 dispari
639 1391 892 1456 genere,
928 1371 1232 1436 dissimili
1262 1371 1504 1456 lingua,
1542 1370 1656 1435 alii
1694 1370 1824 1436 alio
1862 1392 2041 1436 more
2077 1371 2391 1455 viventes,

367 1459 742 1524 incredibile
796 1464 1161 1524 memoratu
1221 1462 1324 1522 est
1370 1480 1566 1541 quam
1611 1457 1803 1523 facile
1850 1460 2237 1524 coaluerint:
2292 1459 2394 1524 ita

367 1546 551 1612 brevi
596 1546 947 1611 multitudo
995 1546 1288 1629 dispersa
1332 1549 1528 1628 atque
1569 1567 1737 1632 vaga
1774 1547 2118 1612 concordia
2155 1547 2391 1613 civitas

298 1655 330 1702 3
367 1636 542 1700 facta
587 1638 744 1699 erat.
836 1633 947 1697 sed
988 1637 1340 1717 postquam
1376 1654 1480 1698 res
1517 1655 1760 1718 eorum,
1807 1634 2056 1700 civibus
2093 1635 2391 1700 moribus

370 1724 545 1809 agris
592 1725 801 1804 aucta,
848 1720 1009 1785 satis
1054 1742 1368 1805 prospera
1413 1719 1702 1806 satisque
1737 1723 1992 1807 pollens
2029 1723 2396 1807 videbatur,

370 1810 566 1877 sicuti
619 1810 925 1893 pleraque
981 1809 1358 1873 mortalium
1410 1810 1761 1894 habentur,
1816 1809 2058 1875 invidia
2111 1832 2189 1875 ex
2237 1833 2394 1895 opu·

299 1917 333 1965 4
369 1899 574 1964 lentia
620 1901 766 1964 orta
811 1901 929 1960 est.
1019 1897 1227 1982 igitur
1270 1917 1458 1983 reges
1502 1898 1857 1982 populique
1893 1898 2177 1964 finitumi
2213 1899 2393 1965 bello

369 1991 719 2070 temptare3
781 1984 972 2069 pauci
1037 2006 1127 2049 ex·
1170 1986 1396 2051 amicis
1453 1986 1693 2051 auxilio
1751 2007 1919 2071 esse,
1980 2009 2134 2051 nam
2189 1989 2393 2053 ceteri

302 2092 333 2141 5
370 2079 552 2140 metu
604 2072 887 2157 perculsi
944 2094 983 2137 a
1033 2074 1342 2158 periculis
1390 2075 1677 2139 aberant.
1769 2078 1841 2139 at
1886 2074 2167 2139 Romani
2213 2076 2392 2141 domi

371 2162 772 2244 militiaeque
830 2160 1070 2225 intenti
1115 2162 1425 2226 festinare
1469 2182 1727 2247 parare,
1783 2162 1950 2227 alius
1997 2164 2200 2228 alium
2244 2164 2394 2229 hor-

370 2251 518 2335 tari,
551 2249 856 2315 hostibus
894 2249 1154 2315 obviam
1189 2250 1303 2333 ire,
1345 2250 1719 2315 libertatem
1755 2251 2038 2333 patriam
2073 2247 2394 2336 parentis-

372 2361 497 2425 que
543 2337 742 2404 armis
788 2341 1026 2422 tegere.
1114 2342 1268 2422 post
1312 2338 1427 2403 ubi
1470 2338 1761 2423 pericula
1804 2339 2048 2404 virtute
2092 2340 2395 2423 propule-

370 2431 538 2511 rant,
582 2425 776 2492 sociis
824 2430 1019 2511 atque
1067 2427 1292 2492 amicis
1340 2427 1581 2492 auxilia
1624 2428 1998 2511 portabant,
2048 2428 2394 2513 magisque

370 2516 597 2581 dandis
643 2537 839 2598 quam
884 2514 1279 2598 accipiundis
1315 2515 1636 2581 benificiis
1685 2515 2006 2581 amicitias
2052 2517 2396 2599 parabant.

301 2620 333 2668 6
370 2604 716 2688 imperium
750 2602 1157 2687 legitumum,
1200 2624 1440 2667 nomen
1479 2603 1714 2686 imperi
1750 2604 2003 2688 regium
2037 2603 2393 2669 habebant.

373 2691 631 2774 delecti,
688 2690 924 2776 quibus
980 2711 1213 2774 corpus
1271 2691 1458 2755 annis
1504 2691 1860 2773 infirmum,
1909 2690 2246 2775 ingenium
2293 2714 2396 2757 sa-

371 2779 621 2865 pientia
663 2778 947 2843 validum
986 2782 1144 2861 erat,
1189 2778 1283 2842 rei
1319 2778 1621 2860 publicae
1660 2779 2148 2862 consultabant3
2194 2780 2254 2843 ei
2290 2782 2395 2844 vel

375 2871 588 2932 aetate
659 2867 762 2931 vel
837 2887 1025 2931 curae
1098 2865 1523 2930 similitudine
1586 2868 1807 2948 patres
1873 2865 2393 2948 appellabantur.

304 2973 336 3020 7
373 2959 528 3040 post
571 2955 685 3018 ubi
730 2953 983 3039 regium
1027 2953 1398 3037 imperium,
1455 2952 1628 3036 quod
1677 2951 1869 3017 initio
1917 2951 2395 3016 conservandae

375 3041 702 3107 libertatis
757 3046 952 3126 atque
1007 3040 1337 3126 augendae
1391 3041 1487 3104 rei
1540 3039 1837 3123 publicae
1882 3039 2122 3122 fuerat,
2176 3039 2247 3103 in
2293 3059 2395 3102 su-

374 3130 670 3215 perbiam
697 3129 1334 3210 dominationemque
1363 3148 1431 3192 se
1466 3127 1809 3212 convortit,
1845 3128 2173 3192 inmutato
2212 3148 2393 3193 more

378 3241 591 3283 annua
652 3217 926 3299 imperia
982 3215 1298 3297 binosque
1351 3216 1777 3298 imperatores
1833 3215 1961 3280 sibi
2014 3214 2253 3300 fecere3
2317 3239 2395 3282 eo

380 3305 572 3370 modo
630 3305 913 3368 minume
969 3322 1160 3386 posse
1223 3303 1547 3387 putabant
1608 3325 1725 3387 per
1777 3301 2110 3371 licentiam
2164 3306 2398 3370 insole-

380 3413 559 3458 scere
606 3395 895 3456 animum
939 3391 1311 3457 humanum.
2215 3403 2220 3406 ’

304 3483 340 3545 ’7
517 3477 644 3543 Sed
699 3501 775 3544 ea
830 3483 1223 3563 tempestate
1280 3502 1546 3565 coepere
1604 3504 1672 3547 se
1720 3483 1992 3575 quisque
2040 3483 2251 3569 magis
2298 3504 2400 3548 ex·

309 3584 340 3632 2
380 3567 611 3631 tollere
658 3566 997 3652 magisque
1052 3568 1386 3653 ingenium
1430 3570 1499 3635 in
1543 3577 1856 3657 promptu
1899 3572 2172 3637 habere.-
2249 3593 2400 3636 nam
